<!DOCTYPE html><html lang="en"><head><script src="/ewelcome-awakes-flowes-that-La-Warry-ares-Like-n" async></script><meta charSet="utf-8"/><link rel="preload" href="/fonts/source-sans-pro/SourceSansPro-Regular.woff2" as="font" type="font/woff2" crossorigin="anonymous"/><link rel="preload" href="/fonts/itc-avant-garde-gothic/AvantGardeGothicITCW05-Demi.woff2" as="font" type="font/woff2" crossorigin="anonymous"/><link rel="preload" href="/fonts/itc-avant-garde-gothic/ITCAvantGardeGothicW05-Bold.woff2" as="font" type="font/woff2" crossorigin="anonymous"/><link rel="preload" href="/fonts/source-sans-pro/SourceSansPro-SemiBold.woff2" as="font" type="font/woff2" crossorigin="anonymous"/><meta property="og:locale" content="en_AU"/><meta name="viewport" content="width=device-width,initial-scale=1,minimum-scale=1,maximum-scale=5,user-scalable=yes"/><meta http-equiv="x-ua-compatible" content="IE=edge"/><meta name="keywords" content="Keywords"/><meta name="msapplication-TileColor" content="#da532c"/><meta name="theme-color" content="#ffffff"/><link rel="manifest" href="/manifest.json"/><link rel="icon" href="/content/dam/coles/global/icons/favicons/favicon.ico"/><link rel="icon" type="image/png" sizes="16x16" href="/content/dam/coles/global/icons/favicons/favicon-16x16.png"/><link rel="icon" type="image/png" sizes="32x32" href="/content/dam/coles/global/icons/favicons/favicon-32x32.png"/><link rel="apple-touch-icon" sizes="180x180" href="/content/dam/coles/global/icons/favicons/apple-touch-icon.png"/><link rel="mask-icon" href="/content/dam/coles/global/icons/favicons/safari-pinned-tab.svg" color="#5bbad5"/><title>Browse our products to order your next shop | Coles</title><meta name="robots" content="index,follow"/><meta name="googlebot" content="index,follow"/><meta name="description" content="Shop our range online or in-store. Enjoy our everyday low prices and fast delivery to your door."/><meta property="og:title" content="Browse our products to order your next shop | Coles"/><meta property="og:description" content="Shop our range online or in-store. Enjoy our everyday low prices and fast delivery to your door."/><meta property="og:url" content="https://www.coles.com.au/browse?page=4"/><meta property="og:type" content="product"/><meta property="og:image" content="https://www.coles.com.au/content/dam/coles/global/default-og-image/coles-og-image-1200x627.jpg"/><meta property="og:image:alt" content="Coles"/><meta property="og:image:type" content="image/jpeg"/><meta property="og:image:width" content="800"/><meta property="og:image:height" content="600"/><meta property="og:site_name" content="Coles Online"/><link rel="canonical" href="https://www.coles.com.au/browse?page=4"/><link rel="preload" as="image" href="https://coles.flavedo.io/citrus/a6f1b995-a01f-4542-8efb-243ad7472d5e"/><link rel="preload" as="image" href="https://coles.flavedo.io/citrus/36c71567-25e5-4747-b3cd-931e4be38d7c"/><link rel="preload" as="image" imageSrcSet="/_next/image?url=https%3A%2F%2Fproductimages.coles.com.au%2Fproductimages%2F8%2F8145346.jpg&amp;w=256&amp;q=90 1x, /_next/image?url=https%3A%2F%2Fproductimages.coles.com.au%2Fproductimages%2F8%2F8145346.jpg&amp;w=640&amp;q=90 2x"/><link rel="preload" as="image" imageSrcSet="/_next/image?url=https%3A%2F%2Fwww.coles.com.au%2Fcontent%2Fdam%2Fcoles%2Fcusp%2Fsuppliers%2Ffy25%2F23-10-24%2F29040-47163-singletile-bg-v2.png&amp;w=640&amp;q=90 640w, /_next/image?url=https%3A%2F%2Fwww.coles.com.au%2Fcontent%2Fdam%2Fcoles%2Fcusp%2Fsuppliers%2Ffy25%2F23-10-24%2F29040-47163-singletile-bg-v2.png&amp;w=750&amp;q=90 750w, /_next/image?url=https%3A%2F%2Fwww.coles.com.au%2Fcontent%2Fdam%2Fcoles%2Fcusp%2Fsuppliers%2Ffy25%2F23-10-24%2F29040-47163-singletile-bg-v2.png&amp;w=828&amp;q=90 828w, /_next/image?url=https%3A%2F%2Fwww.coles.com.au%2Fcontent%2Fdam%2Fcoles%2Fcusp%2Fsuppliers%2Ffy25%2F23-10-24%2F29040-47163-singletile-bg-v2.png&amp;w=1080&amp;q=90 1080w, /_next/image?url=https%3A%2F%2Fwww.coles.com.au%2Fcontent%2Fdam%2Fcoles%2Fcusp%2Fsuppliers%2Ffy25%2F23-10-24%2F29040-47163-singletile-bg-v2.png&amp;w=1200&amp;q=90 1200w, /_next/image?url=https%3A%2F%2Fwww.coles.com.au%2Fcontent%2Fdam%2Fcoles%2Fcusp%2Fsuppliers%2Ffy25%2F23-10-24%2F29040-47163-singletile-bg-v2.png&amp;w=1920&amp;q=90 1920w, /_next/image?url=https%3A%2F%2Fwww.coles.com.au%2Fcontent%2Fdam%2Fcoles%2Fcusp%2Fsuppliers%2Ffy25%2F23-10-24%2F29040-47163-singletile-bg-v2.png&amp;w=2048&amp;q=90 2048w, /_next/image?url=https%3A%2F%2Fwww.coles.com.au%2Fcontent%2Fdam%2Fcoles%2Fcusp%2Fsuppliers%2Ffy25%2F23-10-24%2F29040-47163-singletile-bg-v2.png&amp;w=3840&amp;q=90 3840w" imageSizes="100vw"/><link rel="preload" as="image" imageSrcSet="/_next/image?url=https%3A%2F%2Fproductimages.coles.com.au%2Fproductimages%2F5%2F5280232.jpg&amp;w=256&amp;q=90 1x, /_next/image?url=https%3A%2F%2Fproductimages.coles.com.au%2Fproductimages%2F5%2F5280232.jpg&amp;w=640&amp;q=90 2x"/><link rel="preload" as="image" imageSrcSet="/_next/image?url=https%3A%2F%2Fproductimages.coles.com.au%2Fproductimages%2F5%2F5469181.jpg&amp;w=256&amp;q=90 1x, /_next/image?url=https%3A%2F%2Fproductimages.coles.com.au%2Fproductimages%2F5%2F5469181.jpg&amp;w=640&amp;q=90 2x"/><link rel="preload" as="image" imageSrcSet="/_next/image?url=https%3A%2F%2Fwww.coles.com.au%2Fcontent%2Fdam%2Fcoles%2Fcusp%2Fsuppliers%2Ffy25%2F04-09-24%2F27056-goodman-fielder-olive-single-bg.jpg&amp;w=640&amp;q=90 640w, /_next/image?url=https%3A%2F%2Fwww.coles.com.au%2Fcontent%2Fdam%2Fcoles%2Fcusp%2Fsuppliers%2Ffy25%2F04-09-24%2F27056-goodman-fielder-olive-single-bg.jpg&amp;w=750&amp;q=90 750w, /_next/image?url=https%3A%2F%2Fwww.coles.com.au%2Fcontent%2Fdam%2Fcoles%2Fcusp%2Fsuppliers%2Ffy25%2F04-09-24%2F27056-goodman-fielder-olive-single-bg.jpg&amp;w=828&amp;q=90 828w, /_next/image?url=https%3A%2F%2Fwww.coles.com.au%2Fcontent%2Fdam%2Fcoles%2Fcusp%2Fsuppliers%2Ffy25%2F04-09-24%2F27056-goodman-fielder-olive-single-bg.jpg&amp;w=1080&amp;q=90 1080w, /_next/image?url=https%3A%2F%2Fwww.coles.com.au%2Fcontent%2Fdam%2Fcoles%2Fcusp%2Fsuppliers%2Ffy25%2F04-09-24%2F27056-goodman-fielder-olive-single-bg.jpg&amp;w=1200&amp;q=90 1200w, /_next/image?url=https%3A%2F%2Fwww.coles.com.au%2Fcontent%2Fdam%2Fcoles%2Fcusp%2Fsuppliers%2Ffy25%2F04-09-24%2F27056-goodman-fielder-olive-single-bg.jpg&amp;w=1920&amp;q=90 1920w, /_next/image?url=https%3A%2F%2Fwww.coles.com.au%2Fcontent%2Fdam%2Fcoles%2Fcusp%2Fsuppliers%2Ffy25%2F04-09-24%2F27056-goodman-fielder-olive-single-bg.jpg&amp;w=2048&amp;q=90 2048w, /_next/image?url=https%3A%2F%2Fwww.coles.com.au%2Fcontent%2Fdam%2Fcoles%2Fcusp%2Fsuppliers%2Ffy25%2F04-09-24%2F27056-goodman-fielder-olive-single-bg.jpg&amp;w=3840&amp;q=90 3840w" imageSizes="100vw"/><link rel="preload" as="image" imageSrcSet="/_next/image?url=https%3A%2F%2Fwww.coles.com.au%2Fcontent%2Fdam%2Fcoles%2Fcusp%2Fsuppliers%2Ffy25%2F04-09-24%2F27056-goodman-fielder-olive-single-fg.png&amp;w=640&amp;q=90 640w, /_next/image?url=https%3A%2F%2Fwww.coles.com.au%2Fcontent%2Fdam%2Fcoles%2Fcusp%2Fsuppliers%2Ffy25%2F04-09-24%2F27056-goodman-fielder-olive-single-fg.png&amp;w=750&amp;q=90 750w, /_next/image?url=https%3A%2F%2Fwww.coles.com.au%2Fcontent%2Fdam%2Fcoles%2Fcusp%2Fsuppliers%2Ffy25%2F04-09-24%2F27056-goodman-fielder-olive-single-fg.png&amp;w=828&amp;q=90 828w, /_next/image?url=https%3A%2F%2Fwww.coles.com.au%2Fcontent%2Fdam%2Fcoles%2Fcusp%2Fsuppliers%2Ffy25%2F04-09-24%2F27056-goodman-fielder-olive-single-fg.png&amp;w=1080&amp;q=90 1080w, /_next/image?url=https%3A%2F%2Fwww.coles.com.au%2Fcontent%2Fdam%2Fcoles%2Fcusp%2Fsuppliers%2Ffy25%2F04-09-24%2F27056-goodman-fielder-olive-single-fg.png&amp;w=1200&amp;q=90 1200w, /_next/image?url=https%3A%2F%2Fwww.coles.com.au%2Fcontent%2Fdam%2Fcoles%2Fcusp%2Fsuppliers%2Ffy25%2F04-09-24%2F27056-goodman-fielder-olive-single-fg.png&amp;w=1920&amp;q=90 1920w, /_next/image?url=https%3A%2F%2Fwww.coles.com.au%2Fcontent%2Fdam%2Fcoles%2Fcusp%2Fsuppliers%2Ffy25%2F04-09-24%2F27056-goodman-fielder-olive-single-fg.png&amp;w=2048&amp;q=90 2048w, /_next/image?url=https%3A%2F%2Fwww.coles.com.au%2Fcontent%2Fdam%2Fcoles%2Fcusp%2Fsuppliers%2Ffy25%2F04-09-24%2F27056-goodman-fielder-olive-single-fg.png&amp;w=3840&amp;q=90 3840w" imageSizes="100vw"/><meta name="next-head-count" content="40"/><meta name="emotion-insertion-point" content=""/><style data-emotion="mui-style-global tiro2p">html{-webkit-font-smoothing:antialiased;-moz-osx-font-smoothing:grayscale;box-sizing:border-box;-webkit-text-size-adjust:100%;}*,*::before,*::after{box-sizing:inherit;}strong,b{font-weight:700;}body{margin:0;color:#3D3D3D;font-family:"SourceSansPro","Lucida Sans",sans-serif;font-weight:400;font-size:1rem;line-height:1.5;background-color:#FFFFFF;}@media print{body{background-color:#FFFFFF;}}body::backdrop{background-color:#FFFFFF;}*,*::before,*::after{box-sizing:border-box;padding:0;margin:0;}ul{list-style:none;}a{color:inherit;-webkit-text-decoration:none;text-decoration:none;}.sr-only:not(:focus):not(:active){clip:rect(0 0 0 0);-webkit-clip-path:inset(50%);clip-path:inset(50%);height:1px;overflow:hidden;position:absolute;white-space:nowrap;width:1px;}[data-reactroot]{height:100vh;display:-webkit-box;display:-webkit-flex;display:-ms-flexbox;display:flex;-webkit-flex-direction:column;-ms-flex-direction:column;flex-direction:column;}[data-reactroot] >main{-webkit-flex:1;-ms-flex:1;flex:1;}html{font-size:16px;}:root{--colors-primary-main:#E01A22;--colors-primary-dark:#B9091D;--colors-common-white:#FFFFFF;--colors-background-default:#FFFFFF;--colors-text-primary:#3D3D3D;--colors-info-main:#2670EE;--colors-info-light:#248EFF;--colors-warning-main:#FF8F1F;--colors-warning-dark:#C55307;--colors-success-main:#07883D;--colors-success-light:#0DB548;--colors-success-dark:#026930;--colors-error-main:#B9091D;--colors-colorBackground-primary-default:#FFFFFF;--colors-colorBackground-primary-hover:#F5F5F5;--colors-colorBackground-primary-active:#E0E0E0;--colors-colorBackground-secondary-default:#F5F5F5;--colors-colorBackground-secondary-active:#E0E0E0;--colors-colorBackground-tertiary:#FEFAF0;--colors-colorBackground-inverse-default:#212121;--colors-colorBackground-inverse-hover:#3D3D3D;--colors-colorBackground-inverse-active:#6F6F6F;--colors-colorBackground-brand-default:#E01A22;--colors-colorBackground-brand-hover:#B9091D;--colors-colorBackground-brand-active:#960319;--colors-colorBackground-ghost-default:#FFFFFF00;--colors-colorBackground-ghost-hover:#FFFFFF26;--colors-colorBackground-ghost-active:#FFFFFF4C;--colors-colorForeground-primary:#212121;--colors-colorForeground-secondary:#6F6F6F;--colors-colorForeground-inverse:#FFFFFF;--colors-colorForeground-brand:#E01A22;--colors-colorExtended-specials-default:#FEDC02;--colors-colorExtended-specials-hover:#ECC104;--colors-colorExtended-specials-active:#CE9E03;--colors-colorExtended-boughtbefore-default:#0347A0;--colors-colorExtended-boughtbefore-active:#E6F6FF;--colors-colorExtended-flybuys:#047CC2;--colors-colorExtended-charcoal:#323A41;--colors-colorExtended-focusState-default:#2670EE;--colors-colorExtended-focusState-inverse:#FFFFFF;--colors-colorExtended-overlay:rgba(111, 111, 111, 0.5);--colors-colorExtended-new:#7FBA24;--colors-colorBorder-primary:#212121;--colors-colorBorder-secondary:#8D8D8D;--colors-colorBorder-tertiary:#E0E0E0;--colors-colorBorder-inverse:#FFFFFF;--colors-colorBorder-brand:#E01A22;--colors-colorFeedback-warning-primary:#C55307;--colors-colorFeedback-warning-secondary:#FFF2E5;--colors-colorFeedback-success-primary-default:#07883D;--colors-colorFeedback-success-primary-active:#026930;--colors-colorFeedback-success-secondary:#EDFEEC;--colors-colorFeedback-error-primary:#C90E21;--colors-colorFeedback-error-secondary:#FFF0F0;--colors-colorFeedback-guidance-primary:#2670EE;--colors-colorFeedback-guidance-secondary:#E6F6FF;--colors-onColors-onBrand:#FFFFFF;--colors-onColors-onBoughtbefore:#FFFFFF;--colors-onColors-onFlybuys:#FFFFFF;--colors-onColors-onFeedback-primary:#FFFFFF;--colors-onColors-onFeedback-secondary:#212121;--colors-onColors-onSpecials:#212121;--borderRadius-sm:4px;--borderRadius-md:8px;--borderRadius-lg:16px;--borderRadius-round:9999px;--borderWidth-default:1px;--borderWidth-thick:2px;--shadows-sm:0px 4px 8px rgba(33, 33, 33, 0.12);--shadows-lg:0px 8px 16px rgba(33, 33, 33, 0.12);--typography-htmlFontSize:16;--typography-heading-fontFamily:"AvantGardeGothic",Arial,sans-serif;--typography-heading-fontFamilyBold:"AvantGardeGothic-bold","Arial Black",sans-serif;--typography-body-fontFamily:"SourceSansPro","Lucida Sans",sans-serif;}body,html{font-synthesis:none;}strong{font-family:var(--typography-body-fontFamily,"SourceSansPro","Lucida Sans",sans-serif);fontWeight:600;}</style><style data-emotion="mui-style-global 1prfaxn">@-webkit-keyframes mui-auto-fill{from{display:block;}}@keyframes mui-auto-fill{from{display:block;}}@-webkit-keyframes mui-auto-fill-cancel{from{display:block;}}@keyframes mui-auto-fill-cancel{from{display:block;}}</style><style data-emotion="mui-style tzsjye oasusv mnn31 v7esy 13sljp9 16644hm 1cccqvr 1k3x8v3 1rb0eps 1piyaqp 1chvpj5">.mui-style-tzsjye{display:-webkit-inline-box;display:-webkit-inline-flex;display:-ms-inline-flexbox;display:inline-flex;-webkit-flex-direction:column;-ms-flex-direction:column;flex-direction:column;position:relative;min-width:0;padding:0;margin:0;border:0;vertical-align:top;width:100%;}.mui-style-oasusv{font-family:"Roboto","Helvetica","Arial",sans-serif;font-weight:400;font-size:1rem;line-height:1.4375em;letter-spacing:0.00938em;color:rgba(0, 0, 0, 0.87);box-sizing:border-box;position:relative;cursor:text;display:-webkit-inline-box;display:-webkit-inline-flex;display:-ms-inline-flexbox;display:inline-flex;-webkit-align-items:center;-webkit-box-align:center;-ms-flex-align:center;align-items:center;}.mui-style-oasusv.Mui-disabled{color:rgba(0, 0, 0, 0.38);cursor:default;}.mui-style-mnn31{font:inherit;letter-spacing:inherit;color:currentColor;padding:4px 0 5px;border:0;box-sizing:content-box;background:none;height:1.4375em;margin:0;-webkit-tap-highlight-color:transparent;display:block;min-width:0;width:100%;-webkit-animation-name:mui-auto-fill-cancel;animation-name:mui-auto-fill-cancel;-webkit-animation-duration:10ms;animation-duration:10ms;}.mui-style-mnn31::-webkit-input-placeholder{color:currentColor;opacity:0.42;-webkit-transition:opacity 200ms cubic-bezier(0.4, 0, 0.2, 1) 0ms;transition:opacity 200ms cubic-bezier(0.4, 0, 0.2, 1) 0ms;}.mui-style-mnn31::-moz-placeholder{color:currentColor;opacity:0.42;-webkit-transition:opacity 200ms cubic-bezier(0.4, 0, 0.2, 1) 0ms;transition:opacity 200ms cubic-bezier(0.4, 0, 0.2, 1) 0ms;}.mui-style-mnn31:-ms-input-placeholder{color:currentColor;opacity:0.42;-webkit-transition:opacity 200ms cubic-bezier(0.4, 0, 0.2, 1) 0ms;transition:opacity 200ms cubic-bezier(0.4, 0, 0.2, 1) 0ms;}.mui-style-mnn31::-ms-input-placeholder{color:currentColor;opacity:0.42;-webkit-transition:opacity 200ms cubic-bezier(0.4, 0, 0.2, 1) 0ms;transition:opacity 200ms cubic-bezier(0.4, 0, 0.2, 1) 0ms;}.mui-style-mnn31:focus{outline:0;}.mui-style-mnn31:invalid{box-shadow:none;}.mui-style-mnn31::-webkit-search-decoration{-webkit-appearance:none;}label[data-shrink=false]+.MuiInputBase-formControl .mui-style-mnn31::-webkit-input-placeholder{opacity:0!important;}label[data-shrink=false]+.MuiInputBase-formControl .mui-style-mnn31::-moz-placeholder{opacity:0!important;}label[data-shrink=false]+.MuiInputBase-formControl .mui-style-mnn31:-ms-input-placeholder{opacity:0!important;}label[data-shrink=false]+.MuiInputBase-formControl .mui-style-mnn31::-ms-input-placeholder{opacity:0!important;}label[data-shrink=false]+.MuiInputBase-formControl .mui-style-mnn31:focus::-webkit-input-placeholder{opacity:0.42;}label[data-shrink=false]+.MuiInputBase-formControl .mui-style-mnn31:focus::-moz-placeholder{opacity:0.42;}label[data-shrink=false]+.MuiInputBase-formControl .mui-style-mnn31:focus:-ms-input-placeholder{opacity:0.42;}label[data-shrink=false]+.MuiInputBase-formControl .mui-style-mnn31:focus::-ms-input-placeholder{opacity:0.42;}.mui-style-mnn31.Mui-disabled{opacity:1;-webkit-text-fill-color:rgba(0, 0, 0, 0.38);}.mui-style-mnn31:-webkit-autofill{-webkit-animation-duration:5000s;animation-duration:5000s;-webkit-animation-name:mui-auto-fill;animation-name:mui-auto-fill;}.mui-style-v7esy{color:rgba(0, 0, 0, 0.6);font-family:"Roboto","Helvetica","Arial",sans-serif;font-weight:400;font-size:0.75rem;line-height:1.66;letter-spacing:0.03333em;text-align:left;margin-top:3px;margin-right:14px;margin-bottom:0;margin-left:14px;}.mui-style-v7esy.Mui-disabled{color:rgba(0, 0, 0, 0.38);}.mui-style-v7esy.Mui-error{color:#d32f2f;}.mui-style-13sljp9{display:-webkit-inline-box;display:-webkit-inline-flex;display:-ms-inline-flexbox;display:inline-flex;-webkit-flex-direction:column;-ms-flex-direction:column;flex-direction:column;position:relative;min-width:0;padding:0;margin:0;border:0;vertical-align:top;}.mui-style-16644hm{font-family:"SourceSansPro","Lucida Sans",sans-serif;font-weight:400;font-size:1rem;line-height:1.4375em;color:#3D3D3D;box-sizing:border-box;position:relative;cursor:text;display:-webkit-inline-box;display:-webkit-inline-flex;display:-ms-inline-flexbox;display:inline-flex;-webkit-align-items:center;-webkit-box-align:center;-ms-flex-align:center;align-items:center;position:relative;}.mui-style-16644hm.Mui-disabled{color:rgba(0, 0, 0, 0.38);cursor:default;}label+.mui-style-16644hm{margin-top:16px;}.mui-style-16644hm:after{border-bottom:2px solid #E01A22;left:0;bottom:0;content:"";position:absolute;right:0;-webkit-transform:scaleX(0);-moz-transform:scaleX(0);-ms-transform:scaleX(0);transform:scaleX(0);-webkit-transition:-webkit-transform 200ms cubic-bezier(0.0, 0, 0.2, 1) 0ms;transition:transform 200ms cubic-bezier(0.0, 0, 0.2, 1) 0ms;pointer-events:none;}.mui-style-16644hm.Mui-focused:after{-webkit-transform:scaleX(1) translateX(0);-moz-transform:scaleX(1) translateX(0);-ms-transform:scaleX(1) translateX(0);transform:scaleX(1) translateX(0);}.mui-style-16644hm.Mui-error:after{border-bottom-color:#B9091D;-webkit-transform:scaleX(1);-moz-transform:scaleX(1);-ms-transform:scaleX(1);transform:scaleX(1);}.mui-style-16644hm:before{border-bottom:1px solid rgba(0, 0, 0, 0.42);left:0;bottom:0;content:"\00a0";position:absolute;right:0;-webkit-transition:border-bottom-color 200ms cubic-bezier(0.4, 0, 0.2, 1) 0ms;transition:border-bottom-color 200ms cubic-bezier(0.4, 0, 0.2, 1) 0ms;pointer-events:none;}.mui-style-16644hm:hover:not(.Mui-disabled):before{border-bottom:2px solid #3D3D3D;}@media (hover: none){.mui-style-16644hm:hover:not(.Mui-disabled):before{border-bottom:1px solid rgba(0, 0, 0, 0.42);}}.mui-style-16644hm.Mui-disabled:before{border-bottom-style:dotted;}.mui-style-1cccqvr{-moz-appearance:none;-webkit-appearance:none;-webkit-user-select:none;-moz-user-select:none;-ms-user-select:none;user-select:none;border-radius:0;cursor:pointer;font:inherit;letter-spacing:inherit;color:currentColor;padding:4px 0 5px;border:0;box-sizing:content-box;background:none;height:1.4375em;margin:0;-webkit-tap-highlight-color:transparent;display:block;min-width:0;width:100%;-webkit-animation-name:mui-auto-fill-cancel;animation-name:mui-auto-fill-cancel;-webkit-animation-duration:10ms;animation-duration:10ms;}.mui-style-1cccqvr:focus{background-color:rgba(0, 0, 0, 0.05);border-radius:0;}.mui-style-1cccqvr::-ms-expand{display:none;}.mui-style-1cccqvr.Mui-disabled{cursor:default;}.mui-style-1cccqvr[multiple]{height:auto;}.mui-style-1cccqvr:not([multiple]) option,.mui-style-1cccqvr:not([multiple]) optgroup{background-color:#fff;}.mui-style-1cccqvr.mui-style-1cccqvr.mui-style-1cccqvr{padding-right:24px;min-width:16px;}.mui-style-1cccqvr.MuiSelect-select{height:auto;min-height:1.4375em;text-overflow:ellipsis;white-space:nowrap;overflow:hidden;}.mui-style-1cccqvr::-webkit-input-placeholder{color:currentColor;opacity:0.42;-webkit-transition:opacity 200ms cubic-bezier(0.4, 0, 0.2, 1) 0ms;transition:opacity 200ms cubic-bezier(0.4, 0, 0.2, 1) 0ms;}.mui-style-1cccqvr::-moz-placeholder{color:currentColor;opacity:0.42;-webkit-transition:opacity 200ms cubic-bezier(0.4, 0, 0.2, 1) 0ms;transition:opacity 200ms cubic-bezier(0.4, 0, 0.2, 1) 0ms;}.mui-style-1cccqvr:-ms-input-placeholder{color:currentColor;opacity:0.42;-webkit-transition:opacity 200ms cubic-bezier(0.4, 0, 0.2, 1) 0ms;transition:opacity 200ms cubic-bezier(0.4, 0, 0.2, 1) 0ms;}.mui-style-1cccqvr::-ms-input-placeholder{color:currentColor;opacity:0.42;-webkit-transition:opacity 200ms cubic-bezier(0.4, 0, 0.2, 1) 0ms;transition:opacity 200ms cubic-bezier(0.4, 0, 0.2, 1) 0ms;}.mui-style-1cccqvr:focus{outline:0;}.mui-style-1cccqvr:invalid{box-shadow:none;}.mui-style-1cccqvr::-webkit-search-decoration{-webkit-appearance:none;}label[data-shrink=false]+.MuiInputBase-formControl .mui-style-1cccqvr::-webkit-input-placeholder{opacity:0!important;}label[data-shrink=false]+.MuiInputBase-formControl .mui-style-1cccqvr::-moz-placeholder{opacity:0!important;}label[data-shrink=false]+.MuiInputBase-formControl .mui-style-1cccqvr:-ms-input-placeholder{opacity:0!important;}label[data-shrink=false]+.MuiInputBase-formControl .mui-style-1cccqvr::-ms-input-placeholder{opacity:0!important;}label[data-shrink=false]+.MuiInputBase-formControl .mui-style-1cccqvr:focus::-webkit-input-placeholder{opacity:0.42;}label[data-shrink=false]+.MuiInputBase-formControl .mui-style-1cccqvr:focus::-moz-placeholder{opacity:0.42;}label[data-shrink=false]+.MuiInputBase-formControl .mui-style-1cccqvr:focus:-ms-input-placeholder{opacity:0.42;}label[data-shrink=false]+.MuiInputBase-formControl .mui-style-1cccqvr:focus::-ms-input-placeholder{opacity:0.42;}.mui-style-1cccqvr.Mui-disabled{opacity:1;-webkit-text-fill-color:rgba(0, 0, 0, 0.38);}.mui-style-1cccqvr:-webkit-autofill{-webkit-animation-duration:5000s;animation-duration:5000s;-webkit-animation-name:mui-auto-fill;animation-name:mui-auto-fill;}.mui-style-1k3x8v3{bottom:0;left:0;position:absolute;opacity:0;pointer-events:none;width:100%;box-sizing:border-box;}.mui-style-1rb0eps{position:absolute;right:0;top:calc(50% - .5em);pointer-events:none;color:rgba(0, 0, 0, 0.54);}.mui-style-1rb0eps.Mui-disabled{color:rgba(0, 0, 0, 0.26);}.mui-style-1piyaqp{display:-webkit-inline-box;display:-webkit-inline-flex;display:-ms-inline-flexbox;display:inline-flex;-webkit-align-items:center;-webkit-box-align:center;-ms-flex-align:center;align-items:center;-webkit-box-pack:center;-ms-flex-pack:center;-webkit-justify-content:center;justify-content:center;position:relative;box-sizing:border-box;-webkit-tap-highlight-color:transparent;background-color:transparent;outline:0;border:0;margin:0;border-radius:0;padding:0;cursor:pointer;-webkit-user-select:none;-moz-user-select:none;-ms-user-select:none;user-select:none;vertical-align:middle;-moz-appearance:none;-webkit-appearance:none;-webkit-text-decoration:none;text-decoration:none;color:inherit;font-family:"SourceSansPro","Lucida Sans",sans-serif;font-weight:400;font-size:0.875rem;line-height:1.43;border-radius:16px;text-align:center;box-sizing:border-box;min-width:32px;height:32px;padding:0 6px;margin:0 3px;color:#3D3D3D;-webkit-transition:color 250ms cubic-bezier(0.4, 0, 0.2, 1) 0ms,background-color 250ms cubic-bezier(0.4, 0, 0.2, 1) 0ms;transition:color 250ms cubic-bezier(0.4, 0, 0.2, 1) 0ms,background-color 250ms cubic-bezier(0.4, 0, 0.2, 1) 0ms;}.mui-style-1piyaqp::-moz-focus-inner{border-style:none;}.mui-style-1piyaqp.Mui-disabled{pointer-events:none;cursor:default;}@media print{.mui-style-1piyaqp{-webkit-print-color-adjust:exact;color-adjust:exact;}}.mui-style-1piyaqp.Mui-focusVisible{background-color:rgba(0, 0, 0, 0.12);}.mui-style-1piyaqp.Mui-disabled{opacity:0.38;}.mui-style-1piyaqp:hover{background-color:rgba(0, 0, 0, 0.04);}@media (hover: none){.mui-style-1piyaqp:hover{background-color:transparent;}}.mui-style-1piyaqp.Mui-selected{background-color:rgba(0, 0, 0, 0.08);}.mui-style-1piyaqp.Mui-selected:hover{background-color:rgba(0, 0, 0, 0.12);}@media (hover: none){.mui-style-1piyaqp.Mui-selected:hover{background-color:rgba(0, 0, 0, 0.08);}}.mui-style-1piyaqp.Mui-selected.Mui-focusVisible{background-color:rgba(0, 0, 0, 0.2);}.mui-style-1piyaqp.Mui-selected.Mui-disabled{opacity:1;color:rgba(0, 0, 0, 0.26);background-color:rgba(0, 0, 0, 0.08);}.mui-style-1piyaqp.Mui-selected.Mui-disabled{color:rgba(0, 0, 0, 0.26);}.mui-style-1chvpj5{font-family:"SourceSansPro","Lucida Sans",sans-serif;font-weight:400;font-size:0.875rem;line-height:1.43;border-radius:16px;text-align:center;box-sizing:border-box;min-width:32px;padding:0 6px;margin:0 3px;color:#3D3D3D;height:auto;}.mui-style-1chvpj5.Mui-disabled{opacity:0.38;}</style><link rel="preload" href="/_next/static/css/e49c99aeee901034.css" as="style"/><link rel="stylesheet" href="/_next/static/css/e49c99aeee901034.css" data-n-g=""/><noscript data-n-css=""></noscript><script defer="" nomodule="" src="/_next/static/chunks/polyfills-c67a75d1b6f99dc8.js"></script><script src="//assets.adobedtm.com/be8983348498/7775e8833f85/launch-3482e2af0e30.min.js" data-testid="analytics-script" defer="" data-nscript="beforeInteractive"></script><script src="/_next/static/chunks/webpack-e3338f977bfe6bf9.js" defer=""></script><script src="/_next/static/chunks/framework-d5a47cde1834457f.js" defer=""></script><script src="/_next/static/chunks/main-e2f5de9306f9cd22.js" defer=""></script><script src="/_next/static/chunks/pages/_app-04a444c67a2e887c.js" defer=""></script><script src="/_next/static/chunks/28-21d16d9c21ea00e2.js" defer=""></script><script src="/_next/static/chunks/9762-9901a571e82c4d22.js" defer=""></script><script src="/_next/static/chunks/7267-1593b47050117e42.js" defer=""></script><script src="/_next/static/chunks/pages/browse/%5B...slug%5D-88d21713a39924a1.js" defer=""></script><script src="/_next/static/20241022.02_v4.26.0/_buildManifest.js" defer=""></script><script src="/_next/static/20241022.02_v4.26.0/_ssgManifest.js" defer=""></script><style data-styled="" data-styled-version="5.3.6">.ixaypx{font-family:var(--typography-body_300_bold-fontFamily,var(--typography-body-fontFamily,"SourceSansPro","Lucida Sans",sans-serif));font-size:var(--typography-body_300_bold-fontSize,1rem);line-height:var(--typography-body_300_bold-lineHeight,1.5rem);font-weight:var(--typography-body_300_bold-fontWeight,600);-webkit-letter-spacing:var(--typography-body_300_bold-letterSpacing,0px);-moz-letter-spacing:var(--typography-body_300_bold-letterSpacing,0px);-ms-letter-spacing:var(--typography-body_300_bold-letterSpacing,0px);letter-spacing:var(--typography-body_300_bold-letterSpacing,0px);font-style:var(--typography-body_300_bold-fontStyle,normal);line-height:1.25rem;padding:0.125rem 0.75rem;display:-webkit-inline-box;display:-webkit-inline-flex;display:-ms-inline-flexbox;display:inline-flex;-webkit-box-pack:center;-webkit-justify-content:center;-ms-flex-pack:center;justify-content:center;min-width:2rem;border-radius:var(--borderRadius-lg,16px);background-color:var(--colors-colorExtended-specials-default,#FEDC02);color:var(--colors-colorBackground-inverse-default,#212121);}/*!sc*/
.ixaypx.is-medium{font-size:0.875rem;}/*!sc*/
.ixaypx.is-small{font-size:0.75rem;line-height:1rem;padding:0.125rem 0.5rem;}/*!sc*/
.ixaypx.is-large{line-height:1.5rem;font-size:1rem;padding:0.25rem 1rem;}/*!sc*/
.ixaypx.is-large svg{width:1.5rem;height:1.5rem;}/*!sc*/
.ixaypx.is-large .svg-wrapper{margin-right:0.5rem;margin-left:-0.5rem;}/*!sc*/
data-styled.g14[id="sc-54c91287-0"]{content:"ixaypx,"}/*!sc*/
.nqwlO{display:-webkit-inline-box;display:-webkit-inline-flex;display:-ms-inline-flexbox;display:inline-flex;-webkit-align-items:center;-webkit-box-align:center;-ms-flex-align:center;align-items:center;vertical-align:top;position:relative;width:100%;-webkit-box-pack:center;-webkit-justify-content:center;-ms-flex-pack:center;justify-content:center;text-wrap:nowrap;opacity:1;}/*!sc*/
.nqwlO svg{padding:0;}/*!sc*/
.dkuWoK{display:-webkit-inline-box;display:-webkit-inline-flex;display:-ms-inline-flexbox;display:inline-flex;-webkit-align-items:center;-webkit-box-align:center;-ms-flex-align:center;align-items:center;vertical-align:top;position:relative;width:100%;-webkit-box-pack:center;-webkit-justify-content:center;-ms-flex-pack:center;justify-content:center;text-wrap:nowrap;opacity:1;}/*!sc*/
.dkuWoK svg{padding:0;}/*!sc*/
.dkuWoK svg:first-child{margin:0 0 0 0;}/*!sc*/
.ivDnVb{display:-webkit-inline-box;display:-webkit-inline-flex;display:-ms-inline-flexbox;display:inline-flex;-webkit-align-items:center;-webkit-box-align:center;-ms-flex-align:center;align-items:center;vertical-align:top;position:relative;width:100%;-webkit-box-pack:center;-webkit-justify-content:center;-ms-flex-pack:center;justify-content:center;text-wrap:nowrap;opacity:1;}/*!sc*/
.ivDnVb svg{padding:0;}/*!sc*/
.ivDnVb svg:first-child{margin:0 0.5rem 0 0;}/*!sc*/
.bNoITj{display:-webkit-inline-box;display:-webkit-inline-flex;display:-ms-inline-flexbox;display:inline-flex;-webkit-align-items:center;-webkit-box-align:center;-ms-flex-align:center;align-items:center;vertical-align:top;position:relative;width:100%;-webkit-box-pack:center;-webkit-justify-content:center;-ms-flex-pack:center;justify-content:center;text-wrap:nowrap;opacity:1;}/*!sc*/
.bNoITj svg{padding:0;}/*!sc*/
.bNoITj svg:last-child{margin:0 0 0 0.5rem;}/*!sc*/
.dJnOhO{display:-webkit-inline-box;display:-webkit-inline-flex;display:-ms-inline-flexbox;display:inline-flex;-webkit-align-items:center;-webkit-box-align:center;-ms-flex-align:center;align-items:center;vertical-align:top;position:relative;width:100%;-webkit-box-pack:center;-webkit-justify-content:center;-ms-flex-pack:center;justify-content:center;text-wrap:nowrap;opacity:1;}/*!sc*/
.dJnOhO svg{padding:0;}/*!sc*/
.dJnOhO svg:first-child{margin:0 0.5rem 0 0;}/*!sc*/
.dJnOhO svg:last-child{margin:0 0 0 0.5rem;}/*!sc*/
data-styled.g21[id="sc-d1851dcf-0"]{content:"nqwlO,dkuWoK,ivDnVb,bNoITj,dJnOhO,"}/*!sc*/
.iNNAph{position:relative;border:0.0625rem solid transparent;margin:0;cursor:pointer;outline:none;text-align:left;-webkit-text-decoration:none;text-decoration:none;display:-webkit-inline-box;display:-webkit-inline-flex;display:-ms-inline-flexbox;display:inline-flex;-webkit-align-items:center;-webkit-box-align:center;-ms-flex-align:center;align-items:center;vertical-align:top;border-radius:var(--borderRadius-round,9999px);border-color:transparent;-webkit-text-decoration:underline;text-decoration:underline;background:transparent;color:var(--colors-colorForeground-primary,var(--colors-text-primary,#212121));padding:0.5rem 1.25rem;font-family:var(--typography-body_300_bold-fontFamily,var(--typography-body-fontFamily,"SourceSansPro","Lucida Sans",sans-serif));font-size:var(--typography-body_300_bold-fontSize,1rem);line-height:var(--typography-body_300_bold-lineHeight,1.5rem);font-weight:var(--typography-body_300_bold-fontWeight,600);-webkit-letter-spacing:var(--typography-body_300_bold-letterSpacing,0px);-moz-letter-spacing:var(--typography-body_300_bold-letterSpacing,0px);-ms-letter-spacing:var(--typography-body_300_bold-letterSpacing,0px);letter-spacing:var(--typography-body_300_bold-letterSpacing,0px);font-style:var(--typography-body_300_bold-fontStyle,normal);padding:8px;}/*!sc*/
.iNNAph:focus{z-index:1;outline-color:transparent;box-shadow:0 0 0 2px var(--colors-colorBorder-inverse,var(--colors-common-white,#FFFFFF)), 0 0 0 4px var(--colors-colorExtended-focusState-default,var(--colors-info-main,#2670EE));}/*!sc*/
.iNNAph:focus:not(:focus-visible){box-shadow:none;}/*!sc*/
.iNNAph:focus-visible{z-index:1;outline-color:transparent;box-shadow:0 0 0 2px var(--colors-colorBorder-inverse,var(--colors-common-white,#FFFFFF)), 0 0 0 4px var(--colors-colorExtended-focusState-default,var(--colors-info-main,#2670EE));}/*!sc*/
.iNNAph svg{color:var(--colors-colorForeground-primary,var(--colors-text-primary,#212121));}/*!sc*/
.iNNAph:hover{background:var(--colors-colorBackground-primary-hover,#F5F5F5);border-color:var(--colors-colorBorder-primary,#212121);}/*!sc*/
.iNNAph:active{background:var(--colors-colorBackground-primary-active,#E0E0E0);}/*!sc*/
.iNNAph:disabled,.iNNAph:hover:disabled,.iNNAph:focus:disabled,.iNNAph.disabled,.iNNAph.disabled:hover,.iNNAph.disabled:focus{background:var(--colors-colorBackground-primary-default,var(--colors-background-default,#FFFFFF));opacity:0.25;}/*!sc*/
.iNNAph img,.iNNAph svg{width:20px;height:20px;}/*!sc*/
.iNNAph .indicator{padding:0.25rem;min-width:0.5rem;height:0.5rem;position:absolute;top:-0.0625rem;left:0.8125rem;}/*!sc*/
.iNNAph:disabled,.iNNAph.disabled{cursor:not-allowed;}/*!sc*/
.bTByLa{position:relative;border:0.0625rem solid transparent;margin:0;cursor:pointer;outline:none;text-align:left;-webkit-text-decoration:none;text-decoration:none;display:-webkit-inline-box;display:-webkit-inline-flex;display:-ms-inline-flexbox;display:inline-flex;-webkit-align-items:center;-webkit-box-align:center;-ms-flex-align:center;align-items:center;vertical-align:top;border-radius:var(--borderRadius-round,9999px);border-color:var(--colors-colorBackground-primary-active,#E0E0E0);background:var(--colors-colorBackground-primary-default,var(--colors-background-default,#FFFFFF));color:var(--colors-colorForeground-primary,var(--colors-text-primary,#212121));padding:0.5rem 1.25rem;font-family:var(--typography-body_300_bold-fontFamily,var(--typography-body-fontFamily,"SourceSansPro","Lucida Sans",sans-serif));font-size:var(--typography-body_300_bold-fontSize,1rem);line-height:var(--typography-body_300_bold-lineHeight,1.5rem);font-weight:var(--typography-body_300_bold-fontWeight,600);-webkit-letter-spacing:var(--typography-body_300_bold-letterSpacing,0px);-moz-letter-spacing:var(--typography-body_300_bold-letterSpacing,0px);-ms-letter-spacing:var(--typography-body_300_bold-letterSpacing,0px);letter-spacing:var(--typography-body_300_bold-letterSpacing,0px);font-style:var(--typography-body_300_bold-fontStyle,normal);}/*!sc*/
.bTByLa:focus{z-index:1;outline-color:transparent;box-shadow:0 0 0 2px var(--colors-colorBorder-inverse,var(--colors-common-white,#FFFFFF)), 0 0 0 4px var(--colors-colorExtended-focusState-default,var(--colors-info-main,#2670EE));}/*!sc*/
.bTByLa:focus:not(:focus-visible){box-shadow:none;}/*!sc*/
.bTByLa:focus-visible{z-index:1;outline-color:transparent;box-shadow:0 0 0 2px var(--colors-colorBorder-inverse,var(--colors-common-white,#FFFFFF)), 0 0 0 4px var(--colors-colorExtended-focusState-default,var(--colors-info-main,#2670EE));}/*!sc*/
.bTByLa svg{color:var(--colors-colorForeground-primary,var(--colors-text-primary,#212121));}/*!sc*/
@media (hover:hover){.bTByLa:hover{background:var(--colors-colorBackground-primary-hover,#F5F5F5);}.bTByLa:hover .indicator{border-color:var(--colors-colorBackground-primary-hover,#F5F5F5);}}/*!sc*/
.bTByLa:active{background:var(--colors-colorBackground-primary-active,#E0E0E0);}/*!sc*/
.bTByLa:active .indicator{border-color:var(--colors-colorBackground-primary-active,#E0E0E0);}/*!sc*/
.bTByLa:disabled,.bTByLa:hover:disabled,.bTByLa:focus:disabled,.bTByLa.disabled,.bTByLa.disabled:hover,.bTByLa.disabled:focus{background:var(--colors-colorBackground-primary-default,var(--colors-background-default,#FFFFFF));opacity:0.25;}/*!sc*/
.bTByLa img,.bTByLa svg{width:20px;height:20px;}/*!sc*/
.bTByLa .indicator{padding:0.25rem;min-width:0.5rem;height:0.5rem;position:absolute;top:-0.0625rem;left:0.8125rem;}/*!sc*/
.bTByLa:disabled,.bTByLa.disabled{cursor:not-allowed;}/*!sc*/
.jYxuBe{position:relative;border:0.0625rem solid transparent;margin:0;cursor:pointer;outline:none;text-align:left;-webkit-text-decoration:none;text-decoration:none;display:-webkit-inline-box;display:-webkit-inline-flex;display:-ms-inline-flexbox;display:inline-flex;-webkit-align-items:center;-webkit-box-align:center;-ms-flex-align:center;align-items:center;vertical-align:top;border-radius:var(--borderRadius-md,8px);background:var(--colors-colorBackground-primary-default,var(--colors-background-default,#FFFFFF));color:var(--colors-colorForeground-primary,var(--colors-text-primary,#212121));padding:0.5rem 1.25rem;font-family:var(--typography-body_300_bold-fontFamily,var(--typography-body-fontFamily,"SourceSansPro","Lucida Sans",sans-serif));font-size:var(--typography-body_300_bold-fontSize,1rem);line-height:var(--typography-body_300_bold-lineHeight,1.5rem);font-weight:var(--typography-body_300_bold-fontWeight,600);-webkit-letter-spacing:var(--typography-body_300_bold-letterSpacing,0px);-moz-letter-spacing:var(--typography-body_300_bold-letterSpacing,0px);-ms-letter-spacing:var(--typography-body_300_bold-letterSpacing,0px);letter-spacing:var(--typography-body_300_bold-letterSpacing,0px);font-style:var(--typography-body_300_bold-fontStyle,normal);}/*!sc*/
.jYxuBe:focus{z-index:1;outline-color:transparent;box-shadow:0 0 0 2px var(--colors-colorBorder-inverse,var(--colors-common-white,#FFFFFF)), 0 0 0 4px var(--colors-colorExtended-focusState-default,var(--colors-info-main,#2670EE));}/*!sc*/
.jYxuBe:focus:not(:focus-visible){box-shadow:none;}/*!sc*/
.jYxuBe:focus-visible{z-index:1;outline-color:transparent;box-shadow:0 0 0 2px var(--colors-colorBorder-inverse,var(--colors-common-white,#FFFFFF)), 0 0 0 4px var(--colors-colorExtended-focusState-default,var(--colors-info-main,#2670EE));}/*!sc*/
.jYxuBe svg{color:var(--colors-colorForeground-primary,var(--colors-text-primary,#212121));}/*!sc*/
.jYxuBe:hover{background:var(--colors-colorBackground-primary-hover,#F5F5F5);}/*!sc*/
.jYxuBe:active{background:var(--colors-colorBackground-primary-active,#E0E0E0);}/*!sc*/
.jYxuBe:focus{z-index:1;outline-color:transparent;box-shadow:0 0 0 2px var(--colors-colorExtended-focusState-default,var(--colors-info-main,#2670EE)), 0 0 0 4px var(--colors-colorBorder-inverse,var(--colors-common-white,#FFFFFF));}/*!sc*/
.jYxuBe:focus:not(:focus-visible){box-shadow:none;}/*!sc*/
.jYxuBe:focus-visible{z-index:1;outline-color:transparent;box-shadow:0 0 0 2px var(--colors-colorExtended-focusState-default,var(--colors-info-main,#2670EE)), 0 0 0 4px var(--colors-colorBorder-inverse,var(--colors-common-white,#FFFFFF));}/*!sc*/
.jYxuBe:disabled,.jYxuBe:hover:disabled,.jYxuBe:focus:disabled,.jYxuBe.disabled,.jYxuBe.disabled:hover,.jYxuBe.disabled:focus{background:var(--colors-colorBackground-primary-default,var(--colors-background-default,#FFFFFF));opacity:0.25;}/*!sc*/
.jYxuBe img,.jYxuBe svg{width:20px;height:20px;}/*!sc*/
.jYxuBe .indicator{padding:0.25rem;min-width:0.5rem;height:0.5rem;position:absolute;top:-0.0625rem;left:0.8125rem;}/*!sc*/
.jYxuBe:disabled,.jYxuBe.disabled{cursor:not-allowed;}/*!sc*/
.euGDcB{position:relative;border:0.0625rem solid transparent;margin:0;cursor:pointer;outline:none;text-align:left;-webkit-text-decoration:none;text-decoration:none;display:-webkit-inline-box;display:-webkit-inline-flex;display:-ms-inline-flexbox;display:inline-flex;-webkit-align-items:center;-webkit-box-align:center;-ms-flex-align:center;align-items:center;vertical-align:top;border-radius:var(--borderRadius-round,9999px);border-color:transparent;-webkit-text-decoration:underline;text-decoration:underline;background:transparent;color:var(--colors-colorForeground-primary,var(--colors-text-primary,#212121));padding:0.5rem 1.25rem;font-family:var(--typography-body_300_bold-fontFamily,var(--typography-body-fontFamily,"SourceSansPro","Lucida Sans",sans-serif));font-size:var(--typography-body_300_bold-fontSize,1rem);line-height:var(--typography-body_300_bold-lineHeight,1.5rem);font-weight:var(--typography-body_300_bold-fontWeight,600);-webkit-letter-spacing:var(--typography-body_300_bold-letterSpacing,0px);-moz-letter-spacing:var(--typography-body_300_bold-letterSpacing,0px);-ms-letter-spacing:var(--typography-body_300_bold-letterSpacing,0px);letter-spacing:var(--typography-body_300_bold-letterSpacing,0px);font-style:var(--typography-body_300_bold-fontStyle,normal);}/*!sc*/
.euGDcB:focus{z-index:1;outline-color:transparent;box-shadow:0 0 0 2px var(--colors-colorBorder-inverse,var(--colors-common-white,#FFFFFF)), 0 0 0 4px var(--colors-colorExtended-focusState-default,var(--colors-info-main,#2670EE));}/*!sc*/
.euGDcB:focus:not(:focus-visible){box-shadow:none;}/*!sc*/
.euGDcB:focus-visible{z-index:1;outline-color:transparent;box-shadow:0 0 0 2px var(--colors-colorBorder-inverse,var(--colors-common-white,#FFFFFF)), 0 0 0 4px var(--colors-colorExtended-focusState-default,var(--colors-info-main,#2670EE));}/*!sc*/
.euGDcB svg{color:var(--colors-colorForeground-primary,var(--colors-text-primary,#212121));}/*!sc*/
.euGDcB:hover{background:var(--colors-colorBackground-primary-hover,#F5F5F5);border-color:var(--colors-colorBorder-primary,#212121);}/*!sc*/
.euGDcB:active{background:var(--colors-colorBackground-primary-active,#E0E0E0);}/*!sc*/
.euGDcB:disabled,.euGDcB:hover:disabled,.euGDcB:focus:disabled,.euGDcB.disabled,.euGDcB.disabled:hover,.euGDcB.disabled:focus{background:var(--colors-colorBackground-primary-default,var(--colors-background-default,#FFFFFF));opacity:0.25;}/*!sc*/
.euGDcB img,.euGDcB svg{width:20px;height:20px;}/*!sc*/
.euGDcB .indicator{padding:0.25rem;min-width:0.5rem;height:0.5rem;position:absolute;top:-0.0625rem;left:0.8125rem;}/*!sc*/
.euGDcB:disabled,.euGDcB.disabled{cursor:not-allowed;}/*!sc*/
.kXjmbO{position:relative;border:0.0625rem solid transparent;margin:0;cursor:pointer;outline:none;text-align:left;-webkit-text-decoration:none;text-decoration:none;display:-webkit-inline-box;display:-webkit-inline-flex;display:-ms-inline-flexbox;display:inline-flex;-webkit-align-items:center;-webkit-box-align:center;-ms-flex-align:center;align-items:center;vertical-align:top;border-radius:var(--borderRadius-round,9999px);background:var(--colors-colorBackground-brand-default,var(--colors-primary-main,#E01A22));color:var(--colors-colorForeground-inverse,var(--colors-common-white,#FFFFFF));padding:0.5rem 1.25rem;font-family:var(--typography-body_300_bold-fontFamily,var(--typography-body-fontFamily,"SourceSansPro","Lucida Sans",sans-serif));font-size:var(--typography-body_300_bold-fontSize,1rem);line-height:var(--typography-body_300_bold-lineHeight,1.5rem);font-weight:var(--typography-body_300_bold-fontWeight,600);-webkit-letter-spacing:var(--typography-body_300_bold-letterSpacing,0px);-moz-letter-spacing:var(--typography-body_300_bold-letterSpacing,0px);-ms-letter-spacing:var(--typography-body_300_bold-letterSpacing,0px);letter-spacing:var(--typography-body_300_bold-letterSpacing,0px);font-style:var(--typography-body_300_bold-fontStyle,normal);}/*!sc*/
.kXjmbO:focus{z-index:1;outline-color:transparent;box-shadow:0 0 0 2px var(--colors-colorBorder-inverse,var(--colors-common-white,#FFFFFF)), 0 0 0 4px var(--colors-colorExtended-focusState-default,var(--colors-info-main,#2670EE));}/*!sc*/
.kXjmbO:focus:not(:focus-visible){box-shadow:none;}/*!sc*/
.kXjmbO:focus-visible{z-index:1;outline-color:transparent;box-shadow:0 0 0 2px var(--colors-colorBorder-inverse,var(--colors-common-white,#FFFFFF)), 0 0 0 4px var(--colors-colorExtended-focusState-default,var(--colors-info-main,#2670EE));}/*!sc*/
.kXjmbO svg{color:var(--colors-colorForeground-inverse,var(--colors-common-white,#FFFFFF));}/*!sc*/
.kXjmbO:hover{background:var(--colors-colorBackground-brand-hover,var(--colors-primary-dark,#B9091D));}/*!sc*/
.kXjmbO:active{background:var(--colors-colorBackground-brand-active,#960319);}/*!sc*/
.kXjmbO:disabled,.kXjmbO:hover:disabled,.kXjmbO:focus:disabled,.kXjmbO.disabled,.kXjmbO.disabled:hover,.kXjmbO.disabled:focus{background:var(--colors-colorBackground-brand-active,#960319);opacity:0.25;}/*!sc*/
.kXjmbO img,.kXjmbO svg{width:20px;height:20px;}/*!sc*/
.kXjmbO .indicator{padding:0.25rem;min-width:0.5rem;height:0.5rem;position:absolute;top:-0.0625rem;left:0.8125rem;}/*!sc*/
.kXjmbO:disabled,.kXjmbO.disabled{cursor:not-allowed;}/*!sc*/
.iZNljp{position:relative;border:0.0625rem solid transparent;margin:0;cursor:pointer;outline:none;text-align:left;-webkit-text-decoration:none;text-decoration:none;display:-webkit-inline-box;display:-webkit-inline-flex;display:-ms-inline-flexbox;display:inline-flex;-webkit-align-items:center;-webkit-box-align:center;-ms-flex-align:center;align-items:center;vertical-align:top;border-radius:var(--borderRadius-round,9999px);background:var(--colors-colorBackground-primary-default,var(--colors-background-default,#FFFFFF));color:var(--colors-colorForeground-primary,var(--colors-text-primary,#212121));padding:0.5rem 1.25rem;font-family:var(--typography-body_300_bold-fontFamily,var(--typography-body-fontFamily,"SourceSansPro","Lucida Sans",sans-serif));font-size:var(--typography-body_300_bold-fontSize,1rem);line-height:var(--typography-body_300_bold-lineHeight,1.5rem);font-weight:var(--typography-body_300_bold-fontWeight,600);-webkit-letter-spacing:var(--typography-body_300_bold-letterSpacing,0px);-moz-letter-spacing:var(--typography-body_300_bold-letterSpacing,0px);-ms-letter-spacing:var(--typography-body_300_bold-letterSpacing,0px);letter-spacing:var(--typography-body_300_bold-letterSpacing,0px);font-style:var(--typography-body_300_bold-fontStyle,normal);padding:8px;}/*!sc*/
.iZNljp:focus{z-index:1;outline-color:transparent;box-shadow:0 0 0 2px var(--colors-colorBorder-inverse,var(--colors-common-white,#FFFFFF)), 0 0 0 4px var(--colors-colorExtended-focusState-default,var(--colors-info-main,#2670EE));}/*!sc*/
.iZNljp:focus:not(:focus-visible){box-shadow:none;}/*!sc*/
.iZNljp:focus-visible{z-index:1;outline-color:transparent;box-shadow:0 0 0 2px var(--colors-colorBorder-inverse,var(--colors-common-white,#FFFFFF)), 0 0 0 4px var(--colors-colorExtended-focusState-default,var(--colors-info-main,#2670EE));}/*!sc*/
.iZNljp svg{color:var(--colors-colorForeground-primary,var(--colors-text-primary,#212121));}/*!sc*/
.iZNljp:hover{background:var(--colors-colorBackground-primary-hover,#F5F5F5);}/*!sc*/
.iZNljp:active{background:var(--colors-colorBackground-primary-active,#E0E0E0);}/*!sc*/
.iZNljp:focus{z-index:1;outline-color:transparent;box-shadow:0 0 0 2px var(--colors-colorExtended-focusState-default,var(--colors-info-main,#2670EE)), 0 0 0 4px var(--colors-colorBorder-inverse,var(--colors-common-white,#FFFFFF));}/*!sc*/
.iZNljp:focus:not(:focus-visible){box-shadow:none;}/*!sc*/
.iZNljp:focus-visible{z-index:1;outline-color:transparent;box-shadow:0 0 0 2px var(--colors-colorExtended-focusState-default,var(--colors-info-main,#2670EE)), 0 0 0 4px var(--colors-colorBorder-inverse,var(--colors-common-white,#FFFFFF));}/*!sc*/
.iZNljp:disabled,.iZNljp:hover:disabled,.iZNljp:focus:disabled,.iZNljp.disabled,.iZNljp.disabled:hover,.iZNljp.disabled:focus{background:var(--colors-colorBackground-primary-default,var(--colors-background-default,#FFFFFF));opacity:0.25;}/*!sc*/
.iZNljp img,.iZNljp svg{width:20px;height:20px;}/*!sc*/
.iZNljp .indicator{padding:0.25rem;min-width:0.5rem;height:0.5rem;position:absolute;top:-0.0625rem;left:0.8125rem;}/*!sc*/
.iZNljp:disabled,.iZNljp.disabled{cursor:not-allowed;}/*!sc*/
data-styled.g25[id="sc-745d6c85-0"]{content:"iNNAph,bTByLa,jYxuBe,euGDcB,kXjmbO,iZNljp,"}/*!sc*/
.kboIkW{position:relative;border:0.0625rem solid transparent;margin:0;cursor:pointer;outline:none;text-align:left;-webkit-text-decoration:none;text-decoration:none;display:-webkit-inline-box;display:-webkit-inline-flex;display:-ms-inline-flexbox;display:inline-flex;-webkit-align-items:center;-webkit-box-align:center;-ms-flex-align:center;align-items:center;vertical-align:top;border-radius:var(--borderRadius-round,9999px);border-color:var(--colors-colorBorder-primary,#212121);background:var(--colors-colorBackground-primary-default,var(--colors-background-default,#FFFFFF));color:var(--colors-colorForeground-primary,var(--colors-text-primary,#212121));padding:0.375rem 1rem;font-family:var(--typography-body_200_bold-fontFamily,var(--typography-body-fontFamily,"SourceSansPro","Lucida Sans",sans-serif));font-size:var(--typography-body_200_bold-fontSize,0.875rem);line-height:var(--typography-body_200_bold-lineHeight,1.25rem);font-weight:var(--typography-body_200_bold-fontWeight,600);-webkit-letter-spacing:var(--typography-body_200_bold-letterSpacing,0.16px);-moz-letter-spacing:var(--typography-body_200_bold-letterSpacing,0.16px);-ms-letter-spacing:var(--typography-body_200_bold-letterSpacing,0.16px);letter-spacing:var(--typography-body_200_bold-letterSpacing,0.16px);font-style:var(--typography-body_200_bold-fontStyle,normal);}/*!sc*/
.kboIkW:focus{z-index:1;outline-color:transparent;box-shadow:0 0 0 2px var(--colors-colorBorder-inverse,var(--colors-common-white,#FFFFFF)), 0 0 0 4px var(--colors-colorExtended-focusState-default,var(--colors-info-main,#2670EE));}/*!sc*/
.kboIkW:focus:not(:focus-visible){box-shadow:none;}/*!sc*/
.kboIkW:focus-visible{z-index:1;outline-color:transparent;box-shadow:0 0 0 2px var(--colors-colorBorder-inverse,var(--colors-common-white,#FFFFFF)), 0 0 0 4px var(--colors-colorExtended-focusState-default,var(--colors-info-main,#2670EE));}/*!sc*/
.kboIkW svg{color:var(--colors-colorForeground-primary,var(--colors-text-primary,#212121));}/*!sc*/
.kboIkW:hover{background:var(--colors-colorBackground-primary-hover,#F5F5F5);}/*!sc*/
.kboIkW:active{background:var(--colors-colorBackground-primary-active,#E0E0E0);}/*!sc*/
.kboIkW:disabled,.kboIkW:hover:disabled,.kboIkW:focus:disabled,.kboIkW.disabled,.kboIkW.disabled:hover,.kboIkW.disabled:focus{background:var(--colors-colorBackground-primary-default,var(--colors-background-default,#FFFFFF));opacity:0.25;}/*!sc*/
.kboIkW img,.kboIkW svg{width:16px;height:16px;}/*!sc*/
.kboIkW .indicator{position:absolute;padding:0.1875rem;min-width:0.375rem;height:0.375rem;top:-0.0625rem;left:0.625rem;}/*!sc*/
.kboIkW:disabled,.kboIkW.disabled{cursor:not-allowed;}/*!sc*/
.lgfBYh{position:relative;border:0.0625rem solid transparent;margin:0;cursor:pointer;outline:none;text-align:left;-webkit-text-decoration:none;text-decoration:none;display:-webkit-inline-box;display:-webkit-inline-flex;display:-ms-inline-flexbox;display:inline-flex;-webkit-align-items:center;-webkit-box-align:center;-ms-flex-align:center;align-items:center;vertical-align:top;border-radius:var(--borderRadius-round,9999px);background:var(--colors-colorBackground-primary-default,var(--colors-background-default,#FFFFFF));color:var(--colors-colorForeground-primary,var(--colors-text-primary,#212121));padding:0.5rem 1.25rem;font-family:var(--typography-body_300_bold-fontFamily,var(--typography-body-fontFamily,"SourceSansPro","Lucida Sans",sans-serif));font-size:var(--typography-body_300_bold-fontSize,1rem);line-height:var(--typography-body_300_bold-lineHeight,1.5rem);font-weight:var(--typography-body_300_bold-fontWeight,600);-webkit-letter-spacing:var(--typography-body_300_bold-letterSpacing,0px);-moz-letter-spacing:var(--typography-body_300_bold-letterSpacing,0px);-ms-letter-spacing:var(--typography-body_300_bold-letterSpacing,0px);letter-spacing:var(--typography-body_300_bold-letterSpacing,0px);font-style:var(--typography-body_300_bold-fontStyle,normal);}/*!sc*/
.lgfBYh:focus{z-index:1;outline-color:transparent;box-shadow:0 0 0 2px var(--colors-colorBorder-inverse,var(--colors-common-white,#FFFFFF)), 0 0 0 4px var(--colors-colorExtended-focusState-default,var(--colors-info-main,#2670EE));}/*!sc*/
.lgfBYh:focus:not(:focus-visible){box-shadow:none;}/*!sc*/
.lgfBYh:focus-visible{z-index:1;outline-color:transparent;box-shadow:0 0 0 2px var(--colors-colorBorder-inverse,var(--colors-common-white,#FFFFFF)), 0 0 0 4px var(--colors-colorExtended-focusState-default,var(--colors-info-main,#2670EE));}/*!sc*/
.lgfBYh svg{color:var(--colors-colorForeground-primary,var(--colors-text-primary,#212121));}/*!sc*/
.lgfBYh:hover{background:var(--colors-colorBackground-primary-hover,#F5F5F5);}/*!sc*/
.lgfBYh:active{background:var(--colors-colorBackground-primary-active,#E0E0E0);}/*!sc*/
.lgfBYh:focus{z-index:1;outline-color:transparent;box-shadow:0 0 0 2px var(--colors-colorExtended-focusState-default,var(--colors-info-main,#2670EE)), 0 0 0 4px var(--colors-colorBorder-inverse,var(--colors-common-white,#FFFFFF));}/*!sc*/
.lgfBYh:focus:not(:focus-visible){box-shadow:none;}/*!sc*/
.lgfBYh:focus-visible{z-index:1;outline-color:transparent;box-shadow:0 0 0 2px var(--colors-colorExtended-focusState-default,var(--colors-info-main,#2670EE)), 0 0 0 4px var(--colors-colorBorder-inverse,var(--colors-common-white,#FFFFFF));}/*!sc*/
.lgfBYh:disabled,.lgfBYh:hover:disabled,.lgfBYh:focus:disabled,.lgfBYh.disabled,.lgfBYh.disabled:hover,.lgfBYh.disabled:focus{background:var(--colors-colorBackground-primary-default,var(--colors-background-default,#FFFFFF));opacity:0.25;}/*!sc*/
.lgfBYh img,.lgfBYh svg{width:20px;height:20px;}/*!sc*/
.lgfBYh .indicator{padding:0.25rem;min-width:0.5rem;height:0.5rem;position:absolute;top:-0.0625rem;left:0.8125rem;}/*!sc*/
.lgfBYh:disabled,.lgfBYh.disabled{cursor:not-allowed;}/*!sc*/
.hASQRm{position:relative;border:0.0625rem solid transparent;margin:0;cursor:pointer;outline:none;text-align:left;-webkit-text-decoration:none;text-decoration:none;display:-webkit-inline-box;display:-webkit-inline-flex;display:-ms-inline-flexbox;display:inline-flex;-webkit-align-items:center;-webkit-box-align:center;-ms-flex-align:center;align-items:center;vertical-align:top;border-radius:var(--borderRadius-round,9999px);border-color:var(--colors-colorBackground-primary-active,#E0E0E0);background:var(--colors-colorBackground-primary-default,var(--colors-background-default,#FFFFFF));color:var(--colors-colorForeground-primary,var(--colors-text-primary,#212121));padding:0.5rem 1.25rem;font-family:var(--typography-body_300_bold-fontFamily,var(--typography-body-fontFamily,"SourceSansPro","Lucida Sans",sans-serif));font-size:var(--typography-body_300_bold-fontSize,1rem);line-height:var(--typography-body_300_bold-lineHeight,1.5rem);font-weight:var(--typography-body_300_bold-fontWeight,600);-webkit-letter-spacing:var(--typography-body_300_bold-letterSpacing,0px);-moz-letter-spacing:var(--typography-body_300_bold-letterSpacing,0px);-ms-letter-spacing:var(--typography-body_300_bold-letterSpacing,0px);letter-spacing:var(--typography-body_300_bold-letterSpacing,0px);font-style:var(--typography-body_300_bold-fontStyle,normal);}/*!sc*/
.hASQRm:focus{z-index:1;outline-color:transparent;box-shadow:0 0 0 2px var(--colors-colorBorder-inverse,var(--colors-common-white,#FFFFFF)), 0 0 0 4px var(--colors-colorExtended-focusState-default,var(--colors-info-main,#2670EE));}/*!sc*/
.hASQRm:focus:not(:focus-visible){box-shadow:none;}/*!sc*/
.hASQRm:focus-visible{z-index:1;outline-color:transparent;box-shadow:0 0 0 2px var(--colors-colorBorder-inverse,var(--colors-common-white,#FFFFFF)), 0 0 0 4px var(--colors-colorExtended-focusState-default,var(--colors-info-main,#2670EE));}/*!sc*/
.hASQRm svg{color:var(--colors-colorForeground-primary,var(--colors-text-primary,#212121));}/*!sc*/
@media (hover:hover){.hASQRm:hover{background:var(--colors-colorBackground-primary-hover,#F5F5F5);}.hASQRm:hover .indicator{border-color:var(--colors-colorBackground-primary-hover,#F5F5F5);}}/*!sc*/
.hASQRm:active{background:var(--colors-colorBackground-primary-active,#E0E0E0);}/*!sc*/
.hASQRm:active .indicator{border-color:var(--colors-colorBackground-primary-active,#E0E0E0);}/*!sc*/
.hASQRm:disabled,.hASQRm:hover:disabled,.hASQRm:focus:disabled,.hASQRm.disabled,.hASQRm.disabled:hover,.hASQRm.disabled:focus{background:var(--colors-colorBackground-primary-default,var(--colors-background-default,#FFFFFF));opacity:0.25;}/*!sc*/
.hASQRm img,.hASQRm svg{width:20px;height:20px;}/*!sc*/
.hASQRm .indicator{padding:0.25rem;min-width:0.5rem;height:0.5rem;position:absolute;top:-0.0625rem;left:0.8125rem;}/*!sc*/
.hASQRm:disabled,.hASQRm.disabled{cursor:not-allowed;}/*!sc*/
.kUcLkN{position:relative;border:0.0625rem solid transparent;margin:0;cursor:pointer;outline:none;text-align:left;-webkit-text-decoration:none;text-decoration:none;display:-webkit-inline-box;display:-webkit-inline-flex;display:-ms-inline-flexbox;display:inline-flex;-webkit-align-items:center;-webkit-box-align:center;-ms-flex-align:center;align-items:center;vertical-align:top;border-radius:var(--borderRadius-round,9999px);border-color:transparent;-webkit-text-decoration:underline;text-decoration:underline;background:transparent;color:var(--colors-colorForeground-primary,var(--colors-text-primary,#212121));padding:0.75rem 1.5rem;font-family:var(--typography-body_400_bold-fontFamily,var(--typography-body-fontFamily,"SourceSansPro","Lucida Sans",sans-serif));font-size:var(--typography-body_400_bold-fontSize,1.125rem);line-height:var(--typography-body_400_bold-lineHeight,1.5rem);font-weight:var(--typography-body_400_bold-fontWeight,600);-webkit-letter-spacing:var(--typography-body_400_bold-letterSpacing,0px);-moz-letter-spacing:var(--typography-body_400_bold-letterSpacing,0px);-ms-letter-spacing:var(--typography-body_400_bold-letterSpacing,0px);letter-spacing:var(--typography-body_400_bold-letterSpacing,0px);font-style:var(--typography-body_400_bold-fontStyle,normal);padding:12px;}/*!sc*/
.kUcLkN:focus{z-index:1;outline-color:transparent;box-shadow:0 0 0 2px var(--colors-colorBorder-inverse,var(--colors-common-white,#FFFFFF)), 0 0 0 4px var(--colors-colorExtended-focusState-default,var(--colors-info-main,#2670EE));}/*!sc*/
.kUcLkN:focus:not(:focus-visible){box-shadow:none;}/*!sc*/
.kUcLkN:focus-visible{z-index:1;outline-color:transparent;box-shadow:0 0 0 2px var(--colors-colorBorder-inverse,var(--colors-common-white,#FFFFFF)), 0 0 0 4px var(--colors-colorExtended-focusState-default,var(--colors-info-main,#2670EE));}/*!sc*/
.kUcLkN svg{color:var(--colors-colorForeground-primary,var(--colors-text-primary,#212121));}/*!sc*/
.kUcLkN:hover{background:var(--colors-colorBackground-primary-hover,#F5F5F5);border-color:var(--colors-colorBorder-primary,#212121);}/*!sc*/
.kUcLkN:active{background:var(--colors-colorBackground-primary-active,#E0E0E0);}/*!sc*/
.kUcLkN:disabled,.kUcLkN:hover:disabled,.kUcLkN:focus:disabled,.kUcLkN.disabled,.kUcLkN.disabled:hover,.kUcLkN.disabled:focus{background:var(--colors-colorBackground-primary-default,var(--colors-background-default,#FFFFFF));opacity:0.25;}/*!sc*/
.kUcLkN img,.kUcLkN svg{width:24px;height:24px;}/*!sc*/
.kUcLkN .indicator{padding:0.25rem;min-width:0.75rem;height:0.75rem;position:absolute;top:-0.0625rem;left:0.9375rem;}/*!sc*/
.kUcLkN:disabled,.kUcLkN.disabled{cursor:not-allowed;}/*!sc*/
data-styled.g26[id="sc-745d6c85-0-a"]{content:"kboIkW,lgfBYh,hASQRm,kUcLkN,"}/*!sc*/
.gXctFU{position:relative;display:-webkit-box;display:-webkit-flex;display:-ms-flexbox;display:flex;-webkit-flex-direction:column;-ms-flex-direction:column;flex-direction:column;-webkit-align-items:center;-webkit-box-align:center;-ms-flex-align:center;align-items:center;-webkit-box-pack:center;-webkit-justify-content:center;-ms-flex-pack:center;justify-content:center;background-color:var(--colors-colorBackground-primary-default,var(--colors-background-default,#FFFFFF));width:3.875rem;height:3.875rem;border:0.375rem solid;box-shadow:0px 0px 0px 0.0625rem var(--colors-colorBorder-inverse,var(--colors-common-white,#FFFFFF));color:var(--colors-colorForeground-primary,var(--colors-text-primary,#212121));border-color:var(--colors-colorBorder-brand,var(--colors-primary-main,#E01A22));border-radius:var(--borderRadius-round,9999px);padding:0.25rem;}/*!sc*/
.gXctFU .roundel-text{font-family:var(--typography-roundel_bold-fontFamily,var(--typography-heading-fontFamilyBold,var(--typography-heading-fontFamily,"AvantGardeGothic-bold","Arial Black",sans-serif)));font-size:var(--typography-roundel_bold-fontSize,1rem);line-height:var(--typography-roundel_bold-lineHeight,1.5rem);font-weight:var(--typography-roundel_bold-fontWeight,900);-webkit-letter-spacing:var(--typography-roundel_bold-letterSpacing,0);-moz-letter-spacing:var(--typography-roundel_bold-letterSpacing,0);-ms-letter-spacing:var(--typography-roundel_bold-letterSpacing,0);letter-spacing:var(--typography-roundel_bold-letterSpacing,0);font-style:var(--typography-roundel_bold-fontStyle,normal);text-align:center;line-height:1.1em;}/*!sc*/
.gXctFU .roundel-text.down-down,.gXctFU .roundel-text.try-now,.gXctFU .roundel-text.tried-this,.gXctFU .roundel-text.every-day{font-size:0.75rem;}/*!sc*/
.gXctFU .roundel-text.locked,.gXctFU .roundel-text.big-pack-value{font-size:0.625rem;}/*!sc*/
.gXctFU .roundel-text.while-stocks-last{font-size:0.625rem;line-height:1em;}/*!sc*/
.gXctFU .roundel-text.reduced-to-clear{font-size:0.5rem;}/*!sc*/
.gXctFU .roundel-text.new{font-size:1.125rem;}/*!sc*/
.gXctFU .roundel-text.this-week-only{font-size:0.75rem;}/*!sc*/
.gXctFU .roundel-text.dropped-and-locked{font-size:0.5rem;padding:0.125rem;}/*!sc*/
.gXctFU .roundel-text.better-than-half-price{font-size:0.53125rem;line-height:1em;}/*!sc*/
.gXctFU .roundel-text.multi-buy{font-size:0.5rem;}/*!sc*/
.gXctFU .roundel-text.free-click-and-collect-rapid,.gXctFU .roundel-text.free-same-day-delivery,.gXctFU .roundel-text.free-rapid-delivery,.gXctFU .roundel-text.free-delivery{font-size:0.5rem;}/*!sc*/
.gXctFU .roundel-text.flash-sale-price-specials,.gXctFU .roundel-text.simple-fixed-price-specials,.gXctFU .roundel-text.multi_save,.gXctFU .roundel-text.mix_save{-webkit-letter-spacing:0rem;-moz-letter-spacing:0rem;-ms-letter-spacing:0rem;letter-spacing:0rem;font-size:0.625rem;}/*!sc*/
.gXctFU .roundel-text.flash-sale-price-specials.is-half-price,.gXctFU .roundel-text.simple-fixed-price-specials.is-half-price,.gXctFU .roundel-text.multi_save.is-half-price,.gXctFU .roundel-text.mix_save.is-half-price{font-size:1.125rem;}/*!sc*/
.gXctFU .roundel-text.simple-fixed-price-specials-online-only,.gXctFU .roundel-text.complex-promotion-online-only{-webkit-letter-spacing:0rem;-moz-letter-spacing:0rem;-ms-letter-spacing:0rem;letter-spacing:0rem;margin-top:0;font-size:0.625rem;}/*!sc*/
.gXctFU .roundel-text.simple-fixed-price-specials-online-only.is-half-price,.gXctFU .roundel-text.complex-promotion-online-only.is-half-price{font-size:0.875rem;}/*!sc*/
.gXctFU .roundel-text.new-online-only{margin-top:-0.75rem;font-size:0.9375rem;}/*!sc*/
.gXctFU .roundel-text.bonus-campaign-collectible,.gXctFU .roundel-text.campaign-free-credits,.gXctFU .roundel-text.bonus-campaign-credits{display:-webkit-box;display:-webkit-flex;display:-ms-flexbox;display:flex;-webkit-align-items:center;-webkit-box-align:center;-ms-flex-align:center;align-items:center;-webkit-box-pack:center;-webkit-justify-content:center;-ms-flex-pack:center;justify-content:center;font-size:0.5625rem;width:3.125rem;height:1rem;background-color:var(--colors-colorBackground-brand-default,var(--colors-primary-main,#E01A22));color:var(--colors-colorForeground-inverse,var(--colors-common-white,#FFFFFF));border-radius:var(--borderRadius-sm,4px);text-transform:initial;}/*!sc*/
.gXctFU .roundel-text.fly-buys-10x-points{color:var(--colors-colorExtended-flybuys,#047CC2);font-size:1.125rem;-webkit-letter-spacing:-0.0625rem;-moz-letter-spacing:-0.0625rem;-ms-letter-spacing:-0.0625rem;letter-spacing:-0.0625rem;padding-top:0.3125rem;}/*!sc*/
.gXctFU .roundel-text.new-at-coles,.gXctFU .roundel-text.new-only-at-coles,.gXctFU .roundel-text.only-at-coles{font-size:0.5rem;word-spacing:revert;line-height:0.75rem;}/*!sc*/
.gXctFU .roundel-text.new-at-coles::first-line,.gXctFU .roundel-text.new-only-at-coles::first-line,.gXctFU .roundel-text.only-at-coles::first-line{font-size:0.6875rem;word-spacing:3.875rem;}/*!sc*/
.gXctFU .roundel-text.new-at-coles + .roundel-adornment svg,.gXctFU .roundel-text.new-only-at-coles + .roundel-adornment svg,.gXctFU .roundel-text.only-at-coles + .roundel-adornment svg{height:0.6875rem;padding-top:0.125rem;}/*!sc*/
.gXctFU .roundel-icon.fly-buys{width:2.625rem;}/*!sc*/
.gXctFU .roundel-icon.fly-buys-online-only{width:1.875rem;height:0.9375rem;}/*!sc*/
.gXctFU .roundel-icon.fly-buys-points{width:2.0625rem;height:1.0625rem;}/*!sc*/
.gXctFU .roundel-icon.fly-buys-10x-points{width:1.875rem;height:0.625rem;}/*!sc*/
.gXctFU .roundel-icon svg{width:100%;height:100%;}/*!sc*/
.gXctFU .roundel-adornment{font-family:var(--typography-roundel_bold-fontFamily,var(--typography-heading-fontFamilyBold,var(--typography-heading-fontFamily,"AvantGardeGothic-bold","Arial Black",sans-serif)));font-size:var(--typography-roundel_bold-fontSize,1rem);line-height:var(--typography-roundel_bold-lineHeight,1.5rem);font-weight:var(--typography-roundel_bold-fontWeight,900);-webkit-letter-spacing:var(--typography-roundel_bold-letterSpacing,0);-moz-letter-spacing:var(--typography-roundel_bold-letterSpacing,0);-ms-letter-spacing:var(--typography-roundel_bold-letterSpacing,0);letter-spacing:var(--typography-roundel_bold-letterSpacing,0);font-style:var(--typography-roundel_bold-fontStyle,normal);text-align:center;line-height:1em;}/*!sc*/
.gXctFU .roundel-adornment.bonus-campaign-collectible,.gXctFU .roundel-adornment.campaign-free-credits,.gXctFU .roundel-adornment.bonus-campaign-credits{color:var(--colors-colorForeground-inverse,var(--colors-common-white,#FFFFFF));padding-top:0.125rem;font-size:0.5625rem;white-space:pre;}/*!sc*/
.gXctFU .roundel-adornment.bonus-campaign-credits::after{content:'*';position:absolute;}/*!sc*/
.gXctFU .roundel-adornment.bonus-campaign-collectible{font-size:0.5rem;}/*!sc*/
.gXctFU .roundel-adornment.fly-buys-online-only{color:var(--colors-colorExtended-flybuys,#047CC2);font-size:0.625rem;}/*!sc*/
.gXctFU .roundel-adornment.fly-buys-points{color:var(--colors-colorExtended-flybuys,#047CC2);font-size:0.625rem;-webkit-letter-spacing:-0.0625rem;-moz-letter-spacing:-0.0625rem;-ms-letter-spacing:-0.0625rem;letter-spacing:-0.0625rem;}/*!sc*/
.gXctFU .roundel-adornment.fly-buys-10x-points{color:var(--colors-colorExtended-flybuys,#047CC2);font-size:0.5rem;line-height:0.5rem;-webkit-letter-spacing:-0.0625rem;-moz-letter-spacing:-0.0625rem;-ms-letter-spacing:-0.0625rem;letter-spacing:-0.0625rem;padding-bottom:0.3125rem;}/*!sc*/
.gXctFU .roundel-adornment.simple-fixed-price-specials{font-size:0.875rem;line-height:0.7em;}/*!sc*/
.gXctFU .roundel-adornment.simple-fixed-price-specials.is-half-price{font-size:0.75rem;}/*!sc*/
.gXctFU .roundel-adornment.flash-sale-price-specials{font-size:0.875rem;line-height:0.7em;}/*!sc*/
.gXctFU .roundel-adornment.simple-fixed-price-specials-online-only,.gXctFU .roundel-adornment.complex-promotion-online-only{font-size:0.75rem;margin-top:-0.125rem;}/*!sc*/
.gXctFU .roundel-adornment.free-click-and-collect-rapid,.gXctFU .roundel-adornment.free-same-day-delivery,.gXctFU .roundel-adornment.free-rapid-delivery,.gXctFU .roundel-adornment.free-delivery{font-size:0.5rem;white-space:pre;}/*!sc*/
.gXctFU .roundel-online-badge{font-family:var(--typography-roundel_bold-fontFamily,var(--typography-heading-fontFamilyBold,var(--typography-heading-fontFamily,"AvantGardeGothic-bold","Arial Black",sans-serif)));font-size:var(--typography-roundel_bold-fontSize,1rem);line-height:var(--typography-roundel_bold-lineHeight,1.5rem);font-weight:var(--typography-roundel_bold-fontWeight,900);-webkit-letter-spacing:var(--typography-roundel_bold-letterSpacing,0);-moz-letter-spacing:var(--typography-roundel_bold-letterSpacing,0);-ms-letter-spacing:var(--typography-roundel_bold-letterSpacing,0);letter-spacing:var(--typography-roundel_bold-letterSpacing,0);font-style:var(--typography-roundel_bold-fontStyle,normal);text-align:center;position:absolute;background-color:var(--colors-colorBackground-inverse-default,#212121);color:var(--colors-colorForeground-inverse,var(--colors-common-white,#FFFFFF));line-height:1em;padding-top:0.125rem;display:block;width:2.875rem;height:1.5rem;font-size:0.625rem;border-radius:0.125rem;outline:0.0625rem solid var(--colors-colorBackground-primary-default,var(--colors-background-default,#FFFFFF));bottom:-0.5rem;}/*!sc*/
.gzXASM{position:relative;display:-webkit-box;display:-webkit-flex;display:-ms-flexbox;display:flex;-webkit-flex-direction:column;-ms-flex-direction:column;flex-direction:column;-webkit-align-items:center;-webkit-box-align:center;-ms-flex-align:center;align-items:center;-webkit-box-pack:center;-webkit-justify-content:center;-ms-flex-pack:center;justify-content:center;background-color:var(--colors-colorBackground-primary-default,var(--colors-background-default,#FFFFFF));width:3.875rem;height:3.875rem;border:0.375rem solid;box-shadow:0px 0px 0px 0.0625rem var(--colors-colorBorder-inverse,var(--colors-common-white,#FFFFFF));color:var(--colors-colorForeground-primary,var(--colors-text-primary,#212121));border-color:var(--colors-colorExtended-new,#7FBA24);border-radius:var(--borderRadius-round,9999px);padding:0.25rem;}/*!sc*/
.gzXASM .roundel-text{font-family:var(--typography-roundel_bold-fontFamily,var(--typography-heading-fontFamilyBold,var(--typography-heading-fontFamily,"AvantGardeGothic-bold","Arial Black",sans-serif)));font-size:var(--typography-roundel_bold-fontSize,1rem);line-height:var(--typography-roundel_bold-lineHeight,1.5rem);font-weight:var(--typography-roundel_bold-fontWeight,900);-webkit-letter-spacing:var(--typography-roundel_bold-letterSpacing,0);-moz-letter-spacing:var(--typography-roundel_bold-letterSpacing,0);-ms-letter-spacing:var(--typography-roundel_bold-letterSpacing,0);letter-spacing:var(--typography-roundel_bold-letterSpacing,0);font-style:var(--typography-roundel_bold-fontStyle,normal);text-align:center;line-height:1.1em;}/*!sc*/
.gzXASM .roundel-text.down-down,.gzXASM .roundel-text.try-now,.gzXASM .roundel-text.tried-this,.gzXASM .roundel-text.every-day{font-size:0.75rem;}/*!sc*/
.gzXASM .roundel-text.locked,.gzXASM .roundel-text.big-pack-value{font-size:0.625rem;}/*!sc*/
.gzXASM .roundel-text.while-stocks-last{font-size:0.625rem;line-height:1em;}/*!sc*/
.gzXASM .roundel-text.reduced-to-clear{font-size:0.5rem;}/*!sc*/
.gzXASM .roundel-text.new{font-size:1.125rem;}/*!sc*/
.gzXASM .roundel-text.this-week-only{font-size:0.75rem;}/*!sc*/
.gzXASM .roundel-text.dropped-and-locked{font-size:0.5rem;padding:0.125rem;}/*!sc*/
.gzXASM .roundel-text.better-than-half-price{font-size:0.53125rem;line-height:1em;}/*!sc*/
.gzXASM .roundel-text.multi-buy{font-size:0.5rem;}/*!sc*/
.gzXASM .roundel-text.free-click-and-collect-rapid,.gzXASM .roundel-text.free-same-day-delivery,.gzXASM .roundel-text.free-rapid-delivery,.gzXASM .roundel-text.free-delivery{font-size:0.5rem;}/*!sc*/
.gzXASM .roundel-text.flash-sale-price-specials,.gzXASM .roundel-text.simple-fixed-price-specials,.gzXASM .roundel-text.multi_save,.gzXASM .roundel-text.mix_save{-webkit-letter-spacing:0rem;-moz-letter-spacing:0rem;-ms-letter-spacing:0rem;letter-spacing:0rem;font-size:0.625rem;}/*!sc*/
.gzXASM .roundel-text.flash-sale-price-specials.is-half-price,.gzXASM .roundel-text.simple-fixed-price-specials.is-half-price,.gzXASM .roundel-text.multi_save.is-half-price,.gzXASM .roundel-text.mix_save.is-half-price{font-size:1.125rem;}/*!sc*/
.gzXASM .roundel-text.simple-fixed-price-specials-online-only,.gzXASM .roundel-text.complex-promotion-online-only{-webkit-letter-spacing:0rem;-moz-letter-spacing:0rem;-ms-letter-spacing:0rem;letter-spacing:0rem;margin-top:0;font-size:0.625rem;}/*!sc*/
.gzXASM .roundel-text.simple-fixed-price-specials-online-only.is-half-price,.gzXASM .roundel-text.complex-promotion-online-only.is-half-price{font-size:0.875rem;}/*!sc*/
.gzXASM .roundel-text.new-online-only{margin-top:-0.75rem;font-size:0.9375rem;}/*!sc*/
.gzXASM .roundel-text.bonus-campaign-collectible,.gzXASM .roundel-text.campaign-free-credits,.gzXASM .roundel-text.bonus-campaign-credits{display:-webkit-box;display:-webkit-flex;display:-ms-flexbox;display:flex;-webkit-align-items:center;-webkit-box-align:center;-ms-flex-align:center;align-items:center;-webkit-box-pack:center;-webkit-justify-content:center;-ms-flex-pack:center;justify-content:center;font-size:0.5625rem;width:3.125rem;height:1rem;background-color:var(--colors-colorBackground-brand-default,var(--colors-primary-main,#E01A22));color:var(--colors-colorForeground-inverse,var(--colors-common-white,#FFFFFF));border-radius:var(--borderRadius-sm,4px);text-transform:initial;}/*!sc*/
.gzXASM .roundel-text.fly-buys-10x-points{color:var(--colors-colorExtended-flybuys,#047CC2);font-size:1.125rem;-webkit-letter-spacing:-0.0625rem;-moz-letter-spacing:-0.0625rem;-ms-letter-spacing:-0.0625rem;letter-spacing:-0.0625rem;padding-top:0.3125rem;}/*!sc*/
.gzXASM .roundel-text.new-at-coles,.gzXASM .roundel-text.new-only-at-coles,.gzXASM .roundel-text.only-at-coles{font-size:0.5rem;word-spacing:revert;line-height:0.75rem;}/*!sc*/
.gzXASM .roundel-text.new-at-coles::first-line,.gzXASM .roundel-text.new-only-at-coles::first-line,.gzXASM .roundel-text.only-at-coles::first-line{font-size:0.6875rem;word-spacing:3.875rem;}/*!sc*/
.gzXASM .roundel-text.new-at-coles + .roundel-adornment svg,.gzXASM .roundel-text.new-only-at-coles + .roundel-adornment svg,.gzXASM .roundel-text.only-at-coles + .roundel-adornment svg{height:0.6875rem;padding-top:0.125rem;}/*!sc*/
.gzXASM .roundel-icon.fly-buys{width:2.625rem;}/*!sc*/
.gzXASM .roundel-icon.fly-buys-online-only{width:1.875rem;height:0.9375rem;}/*!sc*/
.gzXASM .roundel-icon.fly-buys-points{width:2.0625rem;height:1.0625rem;}/*!sc*/
.gzXASM .roundel-icon.fly-buys-10x-points{width:1.875rem;height:0.625rem;}/*!sc*/
.gzXASM .roundel-icon svg{width:100%;height:100%;}/*!sc*/
.gzXASM .roundel-adornment{font-family:var(--typography-roundel_bold-fontFamily,var(--typography-heading-fontFamilyBold,var(--typography-heading-fontFamily,"AvantGardeGothic-bold","Arial Black",sans-serif)));font-size:var(--typography-roundel_bold-fontSize,1rem);line-height:var(--typography-roundel_bold-lineHeight,1.5rem);font-weight:var(--typography-roundel_bold-fontWeight,900);-webkit-letter-spacing:var(--typography-roundel_bold-letterSpacing,0);-moz-letter-spacing:var(--typography-roundel_bold-letterSpacing,0);-ms-letter-spacing:var(--typography-roundel_bold-letterSpacing,0);letter-spacing:var(--typography-roundel_bold-letterSpacing,0);font-style:var(--typography-roundel_bold-fontStyle,normal);text-align:center;line-height:1em;}/*!sc*/
.gzXASM .roundel-adornment.bonus-campaign-collectible,.gzXASM .roundel-adornment.campaign-free-credits,.gzXASM .roundel-adornment.bonus-campaign-credits{color:var(--colors-colorForeground-inverse,var(--colors-common-white,#FFFFFF));padding-top:0.125rem;font-size:0.5625rem;white-space:pre;}/*!sc*/
.gzXASM .roundel-adornment.bonus-campaign-credits::after{content:'*';position:absolute;}/*!sc*/
.gzXASM .roundel-adornment.bonus-campaign-collectible{font-size:0.5rem;}/*!sc*/
.gzXASM .roundel-adornment.fly-buys-online-only{color:var(--colors-colorExtended-flybuys,#047CC2);font-size:0.625rem;}/*!sc*/
.gzXASM .roundel-adornment.fly-buys-points{color:var(--colors-colorExtended-flybuys,#047CC2);font-size:0.625rem;-webkit-letter-spacing:-0.0625rem;-moz-letter-spacing:-0.0625rem;-ms-letter-spacing:-0.0625rem;letter-spacing:-0.0625rem;}/*!sc*/
.gzXASM .roundel-adornment.fly-buys-10x-points{color:var(--colors-colorExtended-flybuys,#047CC2);font-size:0.5rem;line-height:0.5rem;-webkit-letter-spacing:-0.0625rem;-moz-letter-spacing:-0.0625rem;-ms-letter-spacing:-0.0625rem;letter-spacing:-0.0625rem;padding-bottom:0.3125rem;}/*!sc*/
.gzXASM .roundel-adornment.simple-fixed-price-specials{font-size:0.875rem;line-height:0.7em;}/*!sc*/
.gzXASM .roundel-adornment.simple-fixed-price-specials.is-half-price{font-size:0.75rem;}/*!sc*/
.gzXASM .roundel-adornment.flash-sale-price-specials{font-size:0.875rem;line-height:0.7em;}/*!sc*/
.gzXASM .roundel-adornment.simple-fixed-price-specials-online-only,.gzXASM .roundel-adornment.complex-promotion-online-only{font-size:0.75rem;margin-top:-0.125rem;}/*!sc*/
.gzXASM .roundel-adornment.free-click-and-collect-rapid,.gzXASM .roundel-adornment.free-same-day-delivery,.gzXASM .roundel-adornment.free-rapid-delivery,.gzXASM .roundel-adornment.free-delivery{font-size:0.5rem;white-space:pre;}/*!sc*/
.gzXASM .roundel-online-badge{font-family:var(--typography-roundel_bold-fontFamily,var(--typography-heading-fontFamilyBold,var(--typography-heading-fontFamily,"AvantGardeGothic-bold","Arial Black",sans-serif)));font-size:var(--typography-roundel_bold-fontSize,1rem);line-height:var(--typography-roundel_bold-lineHeight,1.5rem);font-weight:var(--typography-roundel_bold-fontWeight,900);-webkit-letter-spacing:var(--typography-roundel_bold-letterSpacing,0);-moz-letter-spacing:var(--typography-roundel_bold-letterSpacing,0);-ms-letter-spacing:var(--typography-roundel_bold-letterSpacing,0);letter-spacing:var(--typography-roundel_bold-letterSpacing,0);font-style:var(--typography-roundel_bold-fontStyle,normal);text-align:center;position:absolute;background-color:var(--colors-colorBackground-inverse-default,#212121);color:var(--colors-colorForeground-inverse,var(--colors-common-white,#FFFFFF));line-height:1em;padding-top:0.125rem;display:block;width:2.875rem;height:1.5rem;font-size:0.625rem;border-radius:0.125rem;outline:0.0625rem solid var(--colors-colorBackground-primary-default,var(--colors-background-default,#FFFFFF));bottom:-0.5rem;}/*!sc*/
.hjCQAH{position:relative;display:-webkit-box;display:-webkit-flex;display:-ms-flexbox;display:flex;-webkit-flex-direction:column;-ms-flex-direction:column;flex-direction:column;-webkit-align-items:center;-webkit-box-align:center;-ms-flex-align:center;align-items:center;-webkit-box-pack:center;-webkit-justify-content:center;-ms-flex-pack:center;justify-content:center;background-color:var(--colors-colorBackground-primary-default,var(--colors-background-default,#FFFFFF));width:3.875rem;height:3.875rem;border:0.375rem solid;box-shadow:0px 0px 0px 0.0625rem var(--colors-colorBorder-inverse,var(--colors-common-white,#FFFFFF));color:var(--colors-colorForeground-primary,var(--colors-text-primary,#212121));border-color:var(--colors-colorBorder-brand,var(--colors-primary-main,#E01A22));border-radius:var(--borderRadius-round,9999px);padding:0.25rem;}/*!sc*/
.hjCQAH .roundel-text{font-family:var(--typography-roundel_bold-fontFamily,var(--typography-heading-fontFamilyBold,var(--typography-heading-fontFamily,"AvantGardeGothic-bold","Arial Black",sans-serif)));font-size:var(--typography-roundel_bold-fontSize,1rem);line-height:var(--typography-roundel_bold-lineHeight,1.5rem);font-weight:var(--typography-roundel_bold-fontWeight,900);-webkit-letter-spacing:var(--typography-roundel_bold-letterSpacing,0);-moz-letter-spacing:var(--typography-roundel_bold-letterSpacing,0);-ms-letter-spacing:var(--typography-roundel_bold-letterSpacing,0);letter-spacing:var(--typography-roundel_bold-letterSpacing,0);font-style:var(--typography-roundel_bold-fontStyle,normal);text-align:center;line-height:1.1em;}/*!sc*/
.hjCQAH .roundel-text.down-down,.hjCQAH .roundel-text.try-now,.hjCQAH .roundel-text.tried-this,.hjCQAH .roundel-text.every-day{font-size:0.75rem;}/*!sc*/
.hjCQAH .roundel-text.locked,.hjCQAH .roundel-text.big-pack-value{font-size:0.625rem;}/*!sc*/
.hjCQAH .roundel-text.while-stocks-last{font-size:0.625rem;line-height:1em;}/*!sc*/
.hjCQAH .roundel-text.reduced-to-clear{font-size:0.5rem;}/*!sc*/
.hjCQAH .roundel-text.new{font-size:1.125rem;}/*!sc*/
.hjCQAH .roundel-text.this-week-only{font-size:0.75rem;}/*!sc*/
.hjCQAH .roundel-text.dropped-and-locked{font-size:0.5rem;padding:0.125rem;}/*!sc*/
.hjCQAH .roundel-text.better-than-half-price{font-size:0.53125rem;line-height:1em;}/*!sc*/
.hjCQAH .roundel-text.multi-buy{font-size:0.5rem;}/*!sc*/
.hjCQAH .roundel-text.free-click-and-collect-rapid,.hjCQAH .roundel-text.free-same-day-delivery,.hjCQAH .roundel-text.free-rapid-delivery,.hjCQAH .roundel-text.free-delivery{font-size:0.5rem;}/*!sc*/
.hjCQAH .roundel-text.flash-sale-price-specials,.hjCQAH .roundel-text.simple-fixed-price-specials,.hjCQAH .roundel-text.multi_save,.hjCQAH .roundel-text.mix_save{-webkit-letter-spacing:0rem;-moz-letter-spacing:0rem;-ms-letter-spacing:0rem;letter-spacing:0rem;font-size:0.625rem;}/*!sc*/
.hjCQAH .roundel-text.flash-sale-price-specials.is-half-price,.hjCQAH .roundel-text.simple-fixed-price-specials.is-half-price,.hjCQAH .roundel-text.multi_save.is-half-price,.hjCQAH .roundel-text.mix_save.is-half-price{font-size:1.125rem;}/*!sc*/
.hjCQAH .roundel-text.simple-fixed-price-specials-online-only,.hjCQAH .roundel-text.complex-promotion-online-only{-webkit-letter-spacing:0rem;-moz-letter-spacing:0rem;-ms-letter-spacing:0rem;letter-spacing:0rem;margin-top:0;font-size:0.625rem;}/*!sc*/
.hjCQAH .roundel-text.simple-fixed-price-specials-online-only.is-half-price,.hjCQAH .roundel-text.complex-promotion-online-only.is-half-price{font-size:0.875rem;}/*!sc*/
.hjCQAH .roundel-text.new-online-only{margin-top:-0.75rem;font-size:0.9375rem;}/*!sc*/
.hjCQAH .roundel-text.bonus-campaign-collectible,.hjCQAH .roundel-text.campaign-free-credits,.hjCQAH .roundel-text.bonus-campaign-credits{display:-webkit-box;display:-webkit-flex;display:-ms-flexbox;display:flex;-webkit-align-items:center;-webkit-box-align:center;-ms-flex-align:center;align-items:center;-webkit-box-pack:center;-webkit-justify-content:center;-ms-flex-pack:center;justify-content:center;font-size:0.5625rem;width:3.125rem;height:1rem;background-color:var(--colors-colorBackground-brand-default,var(--colors-primary-main,#E01A22));color:var(--colors-colorForeground-inverse,var(--colors-common-white,#FFFFFF));border-radius:var(--borderRadius-sm,4px);text-transform:initial;}/*!sc*/
.hjCQAH .roundel-text.fly-buys-10x-points{color:var(--colors-colorExtended-flybuys,#047CC2);font-size:1.125rem;-webkit-letter-spacing:-0.0625rem;-moz-letter-spacing:-0.0625rem;-ms-letter-spacing:-0.0625rem;letter-spacing:-0.0625rem;padding-top:0.3125rem;}/*!sc*/
.hjCQAH .roundel-text.new-at-coles,.hjCQAH .roundel-text.new-only-at-coles,.hjCQAH .roundel-text.only-at-coles{font-size:0.5rem;word-spacing:revert;line-height:0.75rem;}/*!sc*/
.hjCQAH .roundel-text.new-at-coles::first-line,.hjCQAH .roundel-text.new-only-at-coles::first-line,.hjCQAH .roundel-text.only-at-coles::first-line{font-size:0.6875rem;word-spacing:3.875rem;}/*!sc*/
.hjCQAH .roundel-text.new-at-coles + .roundel-adornment svg,.hjCQAH .roundel-text.new-only-at-coles + .roundel-adornment svg,.hjCQAH .roundel-text.only-at-coles + .roundel-adornment svg{height:0.6875rem;padding-top:0.125rem;}/*!sc*/
.hjCQAH .roundel-icon.fly-buys{width:2.625rem;}/*!sc*/
.hjCQAH .roundel-icon.fly-buys-online-only{width:1.875rem;height:0.9375rem;}/*!sc*/
.hjCQAH .roundel-icon.fly-buys-points{width:2.0625rem;height:1.0625rem;}/*!sc*/
.hjCQAH .roundel-icon.fly-buys-10x-points{width:1.875rem;height:0.625rem;}/*!sc*/
.hjCQAH .roundel-icon svg{width:100%;height:100%;}/*!sc*/
.hjCQAH .roundel-adornment{font-family:var(--typography-roundel_bold-fontFamily,var(--typography-heading-fontFamilyBold,var(--typography-heading-fontFamily,"AvantGardeGothic-bold","Arial Black",sans-serif)));font-size:var(--typography-roundel_bold-fontSize,1rem);line-height:var(--typography-roundel_bold-lineHeight,1.5rem);font-weight:var(--typography-roundel_bold-fontWeight,900);-webkit-letter-spacing:var(--typography-roundel_bold-letterSpacing,0);-moz-letter-spacing:var(--typography-roundel_bold-letterSpacing,0);-ms-letter-spacing:var(--typography-roundel_bold-letterSpacing,0);letter-spacing:var(--typography-roundel_bold-letterSpacing,0);font-style:var(--typography-roundel_bold-fontStyle,normal);text-align:center;line-height:1em;}/*!sc*/
.hjCQAH .roundel-adornment.bonus-campaign-collectible,.hjCQAH .roundel-adornment.campaign-free-credits,.hjCQAH .roundel-adornment.bonus-campaign-credits{color:var(--colors-colorForeground-inverse,var(--colors-common-white,#FFFFFF));padding-top:0.125rem;font-size:0.5625rem;white-space:pre;}/*!sc*/
.hjCQAH .roundel-adornment.bonus-campaign-credits::after{content:'*';position:absolute;}/*!sc*/
.hjCQAH .roundel-adornment.bonus-campaign-collectible{font-size:0.5rem;}/*!sc*/
.hjCQAH .roundel-adornment.fly-buys-online-only{color:var(--colors-colorExtended-flybuys,#047CC2);font-size:0.625rem;}/*!sc*/
.hjCQAH .roundel-adornment.fly-buys-points{color:var(--colors-colorExtended-flybuys,#047CC2);font-size:0.625rem;-webkit-letter-spacing:-0.0625rem;-moz-letter-spacing:-0.0625rem;-ms-letter-spacing:-0.0625rem;letter-spacing:-0.0625rem;}/*!sc*/
.hjCQAH .roundel-adornment.fly-buys-10x-points{color:var(--colors-colorExtended-flybuys,#047CC2);font-size:0.5rem;line-height:0.5rem;-webkit-letter-spacing:-0.0625rem;-moz-letter-spacing:-0.0625rem;-ms-letter-spacing:-0.0625rem;letter-spacing:-0.0625rem;padding-bottom:0.3125rem;}/*!sc*/
.hjCQAH .roundel-adornment.simple-fixed-price-specials{font-size:0.875rem;line-height:0.7em;}/*!sc*/
.hjCQAH .roundel-adornment.simple-fixed-price-specials.is-half-price{font-size:0.75rem;}/*!sc*/
.hjCQAH .roundel-adornment.flash-sale-price-specials{font-size:0.875rem;line-height:0.7em;}/*!sc*/
.hjCQAH .roundel-adornment.simple-fixed-price-specials-online-only,.hjCQAH .roundel-adornment.complex-promotion-online-only{font-size:0.75rem;margin-top:-0.125rem;}/*!sc*/
.hjCQAH .roundel-adornment.free-click-and-collect-rapid,.hjCQAH .roundel-adornment.free-same-day-delivery,.hjCQAH .roundel-adornment.free-rapid-delivery,.hjCQAH .roundel-adornment.free-delivery{font-size:0.5rem;white-space:pre;}/*!sc*/
.hjCQAH .roundel-online-badge{font-family:var(--typography-roundel_bold-fontFamily,var(--typography-heading-fontFamilyBold,var(--typography-heading-fontFamily,"AvantGardeGothic-bold","Arial Black",sans-serif)));font-size:var(--typography-roundel_bold-fontSize,1rem);line-height:var(--typography-roundel_bold-lineHeight,1.5rem);font-weight:var(--typography-roundel_bold-fontWeight,900);-webkit-letter-spacing:var(--typography-roundel_bold-letterSpacing,0);-moz-letter-spacing:var(--typography-roundel_bold-letterSpacing,0);-ms-letter-spacing:var(--typography-roundel_bold-letterSpacing,0);letter-spacing:var(--typography-roundel_bold-letterSpacing,0);font-style:var(--typography-roundel_bold-fontStyle,normal);text-align:center;position:absolute;background-color:var(--colors-colorBackground-inverse-default,#212121);color:var(--colors-colorForeground-inverse,var(--colors-common-white,#FFFFFF));line-height:1em;padding-top:0.125rem;display:none;width:2.875rem;height:1.5rem;font-size:0.625rem;border-radius:0.125rem;outline:0.0625rem solid var(--colors-colorBackground-primary-default,var(--colors-background-default,#FFFFFF));bottom:-0.5rem;}/*!sc*/
.fFgzur{position:relative;display:-webkit-box;display:-webkit-flex;display:-ms-flexbox;display:flex;-webkit-flex-direction:column;-ms-flex-direction:column;flex-direction:column;-webkit-align-items:center;-webkit-box-align:center;-ms-flex-align:center;align-items:center;-webkit-box-pack:center;-webkit-justify-content:center;-ms-flex-pack:center;justify-content:center;background-color:var(--colors-colorBackground-primary-default,var(--colors-background-default,#FFFFFF));width:3.875rem;height:3.875rem;border:0.375rem solid;box-shadow:0px 0px 0px 0.0625rem var(--colors-colorBorder-inverse,var(--colors-common-white,#FFFFFF));color:var(--colors-colorForeground-primary,var(--colors-text-primary,#212121));border-color:var(--colors-colorBorder-brand,var(--colors-primary-main,#E01A22));border-radius:var(--borderRadius-round,9999px);padding:0.25rem;}/*!sc*/
.fFgzur .roundel-text{font-family:var(--typography-roundel_bold-fontFamily,var(--typography-heading-fontFamilyBold,var(--typography-heading-fontFamily,"AvantGardeGothic-bold","Arial Black",sans-serif)));font-size:var(--typography-roundel_bold-fontSize,1rem);line-height:var(--typography-roundel_bold-lineHeight,1.5rem);font-weight:var(--typography-roundel_bold-fontWeight,900);-webkit-letter-spacing:var(--typography-roundel_bold-letterSpacing,0);-moz-letter-spacing:var(--typography-roundel_bold-letterSpacing,0);-ms-letter-spacing:var(--typography-roundel_bold-letterSpacing,0);letter-spacing:var(--typography-roundel_bold-letterSpacing,0);font-style:var(--typography-roundel_bold-fontStyle,normal);text-align:center;line-height:1.1em;}/*!sc*/
.fFgzur .roundel-text.down-down,.fFgzur .roundel-text.try-now,.fFgzur .roundel-text.tried-this,.fFgzur .roundel-text.every-day{font-size:0.75rem;}/*!sc*/
.fFgzur .roundel-text.locked,.fFgzur .roundel-text.big-pack-value{font-size:0.625rem;}/*!sc*/
.fFgzur .roundel-text.while-stocks-last{font-size:0.625rem;line-height:1em;}/*!sc*/
.fFgzur .roundel-text.reduced-to-clear{font-size:0.5rem;}/*!sc*/
.fFgzur .roundel-text.new{font-size:1.125rem;}/*!sc*/
.fFgzur .roundel-text.this-week-only{font-size:0.75rem;}/*!sc*/
.fFgzur .roundel-text.dropped-and-locked{font-size:0.5rem;padding:0.125rem;}/*!sc*/
.fFgzur .roundel-text.better-than-half-price{font-size:0.53125rem;line-height:1em;}/*!sc*/
.fFgzur .roundel-text.multi-buy{font-size:0.5rem;}/*!sc*/
.fFgzur .roundel-text.free-click-and-collect-rapid,.fFgzur .roundel-text.free-same-day-delivery,.fFgzur .roundel-text.free-rapid-delivery,.fFgzur .roundel-text.free-delivery{font-size:0.5rem;}/*!sc*/
.fFgzur .roundel-text.flash-sale-price-specials,.fFgzur .roundel-text.simple-fixed-price-specials,.fFgzur .roundel-text.multi_save,.fFgzur .roundel-text.mix_save{-webkit-letter-spacing:0rem;-moz-letter-spacing:0rem;-ms-letter-spacing:0rem;letter-spacing:0rem;margin-top:-0.25rem;font-size:1.25rem;}/*!sc*/
.fFgzur .roundel-text.flash-sale-price-specials.is-half-price,.fFgzur .roundel-text.simple-fixed-price-specials.is-half-price,.fFgzur .roundel-text.multi_save.is-half-price,.fFgzur .roundel-text.mix_save.is-half-price{font-size:1.125rem;}/*!sc*/
.fFgzur .roundel-text.simple-fixed-price-specials-online-only,.fFgzur .roundel-text.complex-promotion-online-only{-webkit-letter-spacing:0rem;-moz-letter-spacing:0rem;-ms-letter-spacing:0rem;letter-spacing:0rem;margin-top:-0.75rem;font-size:0.9375rem;}/*!sc*/
.fFgzur .roundel-text.simple-fixed-price-specials-online-only.is-half-price,.fFgzur .roundel-text.complex-promotion-online-only.is-half-price{font-size:0.875rem;}/*!sc*/
.fFgzur .roundel-text.new-online-only{margin-top:-0.75rem;font-size:0.9375rem;}/*!sc*/
.fFgzur .roundel-text.bonus-campaign-collectible,.fFgzur .roundel-text.campaign-free-credits,.fFgzur .roundel-text.bonus-campaign-credits{display:-webkit-box;display:-webkit-flex;display:-ms-flexbox;display:flex;-webkit-align-items:center;-webkit-box-align:center;-ms-flex-align:center;align-items:center;-webkit-box-pack:center;-webkit-justify-content:center;-ms-flex-pack:center;justify-content:center;font-size:0.5625rem;width:3.125rem;height:1rem;background-color:var(--colors-colorBackground-brand-default,var(--colors-primary-main,#E01A22));color:var(--colors-colorForeground-inverse,var(--colors-common-white,#FFFFFF));border-radius:var(--borderRadius-sm,4px);text-transform:initial;}/*!sc*/
.fFgzur .roundel-text.fly-buys-10x-points{color:var(--colors-colorExtended-flybuys,#047CC2);font-size:1.125rem;-webkit-letter-spacing:-0.0625rem;-moz-letter-spacing:-0.0625rem;-ms-letter-spacing:-0.0625rem;letter-spacing:-0.0625rem;padding-top:0.3125rem;}/*!sc*/
.fFgzur .roundel-text.new-at-coles,.fFgzur .roundel-text.new-only-at-coles,.fFgzur .roundel-text.only-at-coles{font-size:0.5rem;word-spacing:revert;line-height:0.75rem;}/*!sc*/
.fFgzur .roundel-text.new-at-coles::first-line,.fFgzur .roundel-text.new-only-at-coles::first-line,.fFgzur .roundel-text.only-at-coles::first-line{font-size:0.6875rem;word-spacing:3.875rem;}/*!sc*/
.fFgzur .roundel-text.new-at-coles + .roundel-adornment svg,.fFgzur .roundel-text.new-only-at-coles + .roundel-adornment svg,.fFgzur .roundel-text.only-at-coles + .roundel-adornment svg{height:0.6875rem;padding-top:0.125rem;}/*!sc*/
.fFgzur .roundel-icon.fly-buys{width:2.625rem;}/*!sc*/
.fFgzur .roundel-icon.fly-buys-online-only{width:1.875rem;height:0.9375rem;}/*!sc*/
.fFgzur .roundel-icon.fly-buys-points{width:2.0625rem;height:1.0625rem;}/*!sc*/
.fFgzur .roundel-icon.fly-buys-10x-points{width:1.875rem;height:0.625rem;}/*!sc*/
.fFgzur .roundel-icon svg{width:100%;height:100%;}/*!sc*/
.fFgzur .roundel-adornment{font-family:var(--typography-roundel_bold-fontFamily,var(--typography-heading-fontFamilyBold,var(--typography-heading-fontFamily,"AvantGardeGothic-bold","Arial Black",sans-serif)));font-size:var(--typography-roundel_bold-fontSize,1rem);line-height:var(--typography-roundel_bold-lineHeight,1.5rem);font-weight:var(--typography-roundel_bold-fontWeight,900);-webkit-letter-spacing:var(--typography-roundel_bold-letterSpacing,0);-moz-letter-spacing:var(--typography-roundel_bold-letterSpacing,0);-ms-letter-spacing:var(--typography-roundel_bold-letterSpacing,0);letter-spacing:var(--typography-roundel_bold-letterSpacing,0);font-style:var(--typography-roundel_bold-fontStyle,normal);text-align:center;line-height:1em;}/*!sc*/
.fFgzur .roundel-adornment.bonus-campaign-collectible,.fFgzur .roundel-adornment.campaign-free-credits,.fFgzur .roundel-adornment.bonus-campaign-credits{color:var(--colors-colorForeground-inverse,var(--colors-common-white,#FFFFFF));padding-top:0.125rem;font-size:0.5625rem;white-space:pre;}/*!sc*/
.fFgzur .roundel-adornment.bonus-campaign-credits::after{content:'*';position:absolute;}/*!sc*/
.fFgzur .roundel-adornment.bonus-campaign-collectible{font-size:0.5rem;}/*!sc*/
.fFgzur .roundel-adornment.fly-buys-online-only{color:var(--colors-colorExtended-flybuys,#047CC2);font-size:0.625rem;}/*!sc*/
.fFgzur .roundel-adornment.fly-buys-points{color:var(--colors-colorExtended-flybuys,#047CC2);font-size:0.625rem;-webkit-letter-spacing:-0.0625rem;-moz-letter-spacing:-0.0625rem;-ms-letter-spacing:-0.0625rem;letter-spacing:-0.0625rem;}/*!sc*/
.fFgzur .roundel-adornment.fly-buys-10x-points{color:var(--colors-colorExtended-flybuys,#047CC2);font-size:0.5rem;line-height:0.5rem;-webkit-letter-spacing:-0.0625rem;-moz-letter-spacing:-0.0625rem;-ms-letter-spacing:-0.0625rem;letter-spacing:-0.0625rem;padding-bottom:0.3125rem;}/*!sc*/
.fFgzur .roundel-adornment.simple-fixed-price-specials{font-size:0.875rem;line-height:0.7em;}/*!sc*/
.fFgzur .roundel-adornment.simple-fixed-price-specials.is-half-price{font-size:0.75rem;}/*!sc*/
.fFgzur .roundel-adornment.flash-sale-price-specials{font-size:0.875rem;line-height:0.7em;}/*!sc*/
.fFgzur .roundel-adornment.simple-fixed-price-specials-online-only,.fFgzur .roundel-adornment.complex-promotion-online-only{font-size:0.75rem;margin-top:-0.125rem;}/*!sc*/
.fFgzur .roundel-adornment.free-click-and-collect-rapid,.fFgzur .roundel-adornment.free-same-day-delivery,.fFgzur .roundel-adornment.free-rapid-delivery,.fFgzur .roundel-adornment.free-delivery{font-size:0.5rem;white-space:pre;}/*!sc*/
.fFgzur .roundel-online-badge{font-family:var(--typography-roundel_bold-fontFamily,var(--typography-heading-fontFamilyBold,var(--typography-heading-fontFamily,"AvantGardeGothic-bold","Arial Black",sans-serif)));font-size:var(--typography-roundel_bold-fontSize,1rem);line-height:var(--typography-roundel_bold-lineHeight,1.5rem);font-weight:var(--typography-roundel_bold-fontWeight,900);-webkit-letter-spacing:var(--typography-roundel_bold-letterSpacing,0);-moz-letter-spacing:var(--typography-roundel_bold-letterSpacing,0);-ms-letter-spacing:var(--typography-roundel_bold-letterSpacing,0);letter-spacing:var(--typography-roundel_bold-letterSpacing,0);font-style:var(--typography-roundel_bold-fontStyle,normal);text-align:center;position:absolute;background-color:var(--colors-colorBackground-inverse-default,#212121);color:var(--colors-colorForeground-inverse,var(--colors-common-white,#FFFFFF));line-height:1em;padding-top:0.125rem;display:block;width:2.875rem;height:1.5rem;font-size:0.625rem;border-radius:0.125rem;outline:0.0625rem solid var(--colors-colorBackground-primary-default,var(--colors-background-default,#FFFFFF));bottom:-0.5rem;}/*!sc*/
data-styled.g27[id="sc-f4be1fe7-0"]{content:"gXctFU,gzXASM,hjCQAH,fFgzur,"}/*!sc*/
.imEJKN{display:-webkit-box;display:-webkit-flex;display:-ms-flexbox;display:flex;position:relative;background-color:#2A5135;border-radius:var(--borderRadius-md,8px);min-height:150px;}/*!sc*/
.imEJKN .banner__background_image{border-top-left-radius:var(--borderRadius-md,8px);border-bottom-left-radius:var(--borderRadius-md,8px);}/*!sc*/
.imEJKN .banner__content{display:-webkit-box;display:-webkit-flex;display:-ms-flexbox;display:flex;-webkit-flex:1;-ms-flex:1;flex:1;-webkit-flex-direction:column;-ms-flex-direction:column;flex-direction:column;-webkit-box-pack:center;-webkit-justify-content:center;-ms-flex-pack:center;justify-content:center;-webkit-align-items:flex-start;-webkit-box-align:flex-start;-ms-flex-align:flex-start;align-items:flex-start;gap:10px;padding:1rem;}/*!sc*/
.imEJKN .banner__content .sc-745d6c85-0-a{margin-right:30px;-webkit-flex-shrink:0;-ms-flex-negative:0;flex-shrink:0;}/*!sc*/
@media (min-width:768px){.imEJKN .banner__content .sc-745d6c85-0-a{margin-left:auto;-webkit-align-self:center;-ms-flex-item-align:center;align-self:center;}}/*!sc*/
.imEJKN .banner__title{font-family:var(--typography-heading_200-fontFamily,var(--typography-heading-fontFamily,"AvantGardeGothic",Arial,sans-serif));font-size:var(--typography-heading_200-fontSize,0.875rem);line-height:var(--typography-heading_200-lineHeight,1.25rem);font-weight:var(--typography-heading_200-fontWeight,700);-webkit-letter-spacing:var(--typography-heading_200-letterSpacing,0.16px);-moz-letter-spacing:var(--typography-heading_200-letterSpacing,0.16px);-ms-letter-spacing:var(--typography-heading_200-letterSpacing,0.16px);letter-spacing:var(--typography-heading_200-letterSpacing,0.16px);font-style:var(--typography-heading_200-fontStyle,normal);}/*!sc*/
@media (min-width:480px){.imEJKN .banner__title{font-family:var(--typography-heading_300-fontFamily,var(--typography-heading-fontFamily,"AvantGardeGothic",Arial,sans-serif));font-size:var(--typography-heading_300-fontSize,1rem);line-height:var(--typography-heading_300-lineHeight,1.5rem);font-weight:var(--typography-heading_300-fontWeight,700);-webkit-letter-spacing:var(--typography-heading_300-letterSpacing,0px);-moz-letter-spacing:var(--typography-heading_300-letterSpacing,0px);-ms-letter-spacing:var(--typography-heading_300-letterSpacing,0px);letter-spacing:var(--typography-heading_300-letterSpacing,0px);font-style:var(--typography-heading_300-fontStyle,normal);}}/*!sc*/
@media (min-width:1200px) and (min-width:0){.imEJKN .banner__title{font-family:var(--typography-heading_400-fontFamily,var(--typography-heading-fontFamily,"AvantGardeGothic",Arial,sans-serif));font-size:var(--typography-heading_400-fontSize,1.125rem);line-height:var(--typography-heading_400-lineHeight,1.5rem);font-weight:var(--typography-heading_400-fontWeight,700);-webkit-letter-spacing:var(--typography-heading_400-letterSpacing,0px);-moz-letter-spacing:var(--typography-heading_400-letterSpacing,0px);-ms-letter-spacing:var(--typography-heading_400-letterSpacing,0px);letter-spacing:var(--typography-heading_400-letterSpacing,0px);font-style:var(--typography-heading_400-fontStyle,normal);}}/*!sc*/
.imEJKN .banner__secondary_hero{position:absolute;top:0.5rem;left:0.5rem;width:48px;height:48px;}/*!sc*/
@media (min-width:1200px) and (min-width:0){.imEJKN .banner__secondary_hero{top:1rem;left:1rem;width:64px;height:64px;}}/*!sc*/
@media (min-width:768px){.imEJKN .banner__content{-webkit-flex-direction:row;-ms-flex-direction:row;flex-direction:row;-webkit-box-pack:start;-webkit-justify-content:flex-start;-ms-flex-pack:start;justify-content:flex-start;-webkit-align-items:center;-webkit-box-align:center;-ms-flex-align:center;align-items:center;gap:1.5rem;padding:1.5rem;}}/*!sc*/
.imEJKN .banner__image{width:135px;padding:16px;position:relative;display:-webkit-box;display:-webkit-flex;display:-ms-flexbox;display:flex;-webkit-box-pack:center;-webkit-justify-content:center;-ms-flex-pack:center;justify-content:center;border-top-left-radius:var(--borderRadius-md,8px);border-bottom-left-radius:var(--borderRadius-md,8px);}/*!sc*/
@media (min-width:1200px) and (min-width:0){.imEJKN .banner__image{width:267px;}}/*!sc*/
.imEJKN .banner__content{color:var(--colors-colorForeground-inverse,var(--colors-common-white,#FFFFFF));}/*!sc*/
.imEJKN .disclaimer{color:var(--colors-colorForeground-inverse,var(--colors-common-white,#FFFFFF));}/*!sc*/
.imEJKN .disclaimer a{color:var(--colors-colorForeground-inverse,var(--colors-common-white,#FFFFFF));}/*!sc*/
.imEJKN .disclaimer a[target='_blank']::after,.imEJKN .disclaimer a[target='_blank']:focus::after,.imEJKN .disclaimer a[target='_blank']:hover::after{content:url("data:image/svg+xml,%3Csvg xmlns='http://www.w3.org/2000/svg' width='16' height='16' viewBox='0 0 24 18' color='%23FFFFFF'%3E%3Cg fill='none' fill-rule='evenodd'%3E%3Cpath stroke='currentColor' stroke-linecap='round' stroke-linejoin='round' stroke-width='2' vector-effect='non-scaling-stroke' d='M17,13.0666667 L17,18.2666667 C17,19.2239602 16.2239602,20 15.2666667,20 L5.73333333,20 C4.77603977,20 4,19.2239602 4,18.2666667 L4,8.73333333 C4,7.77603977 4.77603977,7 5.73333333,7 L10.9333333,7 M15,4 L20,4 L20,9 M11,13 L20,4'%3E%3C/path%3E%3C/g%3E%3C/svg%3E");}/*!sc*/
data-styled.g30[id="sc-bb3434ea-1"]{content:"imEJKN,"}/*!sc*/
.dWuOFV{list-style:none;display:-webkit-box;display:-webkit-flex;display:-ms-flexbox;display:flex;-webkit-flex-wrap:wrap;-ms-flex-wrap:wrap;flex-wrap:wrap;font-family:var(--typography-body_200-fontFamily,var(--typography-body-fontFamily,"SourceSansPro","Lucida Sans",sans-serif));font-size:var(--typography-body_200-fontSize,0.875rem);line-height:var(--typography-body_200-lineHeight,1.25rem);font-weight:var(--typography-body_200-fontWeight,400);-webkit-letter-spacing:var(--typography-body_200-letterSpacing,0.16px);-moz-letter-spacing:var(--typography-body_200-letterSpacing,0.16px);-ms-letter-spacing:var(--typography-body_200-letterSpacing,0.16px);letter-spacing:var(--typography-body_200-letterSpacing,0.16px);font-style:var(--typography-body_200-fontStyle,normal);color:var(--colors-colorForeground-secondary,#6F6F6F);}/*!sc*/
.dWuOFV a{color:var(--colors-colorForeground-secondary,#6F6F6F);}/*!sc*/
data-styled.g33[id="sc-c90b3ee2-0"]{content:"dWuOFV,"}/*!sc*/
.eakUSm{display:-webkit-box;display:-webkit-flex;display:-ms-flexbox;display:flex;margin-right:0.625rem;}/*!sc*/
data-styled.g34[id="sc-c90b3ee2-1"]{content:"eakUSm,"}/*!sc*/
.chCCor{display:-webkit-box;display:-webkit-flex;display:-ms-flexbox;display:flex;-webkit-align-items:center;-webkit-box-align:center;-ms-flex-align:center;align-items:center;padding-left:0.375rem;color:var(--colors-colorBorder-secondary,#8D8D8D);}/*!sc*/
data-styled.g35[id="sc-c90b3ee2-2"]{content:"chCCor,"}/*!sc*/
.jGROiw{position:relative;outline:none;border:0px;font-family:var(--typography-body_200-fontFamily,var(--typography-body-fontFamily,"SourceSansPro","Lucida Sans",sans-serif));font-size:var(--typography-body_200-fontSize,0.875rem);line-height:var(--typography-body_200-lineHeight,1.25rem);font-weight:var(--typography-body_200-fontWeight,400);-webkit-letter-spacing:var(--typography-body_200-letterSpacing,0.16px);-moz-letter-spacing:var(--typography-body_200-letterSpacing,0.16px);-ms-letter-spacing:var(--typography-body_200-letterSpacing,0.16px);letter-spacing:var(--typography-body_200-letterSpacing,0.16px);font-style:var(--typography-body_200-fontStyle,normal);color:var(--colors-colorForeground-brand,var(--colors-primary-main,#E01A22));-webkit-text-decoration:underline;text-decoration:underline;}/*!sc*/
.jGROiw svg{vertical-align:middle;width:16px;height:16px;}/*!sc*/
.jGROiw:focus-visible{outline-offset:0.125rem;outline:0.125rem solid var(--colors-colorExtended-focusState-default,var(--colors-info-main,#2670EE));box-shadow:0px 0px 0px 0.375rem rgb(255 255 255 / 90%);border-radius:var(--borderRadius-sm,4px);}/*!sc*/
.jGROiw:hover{-webkit-text-decoration:none;text-decoration:none;}/*!sc*/
.jGROiw:active{color:var(--colors-colorForeground-primary,var(--colors-text-primary,#212121));-webkit-text-decoration:none;text-decoration:none;}/*!sc*/
.huphsd{position:relative;outline:none;border:0px;font-family:var(--typography-body_200-fontFamily,var(--typography-body-fontFamily,"SourceSansPro","Lucida Sans",sans-serif));font-size:var(--typography-body_200-fontSize,0.875rem);line-height:var(--typography-body_200-lineHeight,1.25rem);font-weight:var(--typography-body_200-fontWeight,400);-webkit-letter-spacing:var(--typography-body_200-letterSpacing,0.16px);-moz-letter-spacing:var(--typography-body_200-letterSpacing,0.16px);-ms-letter-spacing:var(--typography-body_200-letterSpacing,0.16px);letter-spacing:var(--typography-body_200-letterSpacing,0.16px);font-style:var(--typography-body_200-fontStyle,normal);color:var(--colors-colorForeground-primary,var(--colors-text-primary,#212121));-webkit-text-decoration:underline;text-decoration:underline;}/*!sc*/
.huphsd svg{vertical-align:middle;width:16px;height:16px;}/*!sc*/
.huphsd:focus-visible{outline-offset:0.125rem;outline:0.125rem solid var(--colors-colorExtended-focusState-default,var(--colors-info-main,#2670EE));box-shadow:0px 0px 0px 0.375rem rgb(255 255 255 / 90%);border-radius:var(--borderRadius-sm,4px);}/*!sc*/
.huphsd:hover{color:var(--colors-colorForeground-brand,var(--colors-primary-main,#E01A22));-webkit-text-decoration:none;text-decoration:none;}/*!sc*/
.huphsd:active{color:var(--colors-colorForeground-primary,var(--colors-text-primary,#212121));-webkit-text-decoration:none;text-decoration:none;}/*!sc*/
data-styled.g36[id="sc-856ff560-0"]{content:"jGROiw,huphsd,"}/*!sc*/
.gVzeRG{background:inherit;}/*!sc*/
.gVzeRG:hover{cursor:pointer;}/*!sc*/
data-styled.g37[id="sc-856ff560-1"]{content:"gVzeRG,"}/*!sc*/
.lmuwI{position:absolute;z-index:1;-webkit-transform:translateY(-50%);-ms-transform:translateY(-50%);transform:translateY(-50%);}/*!sc*/
.lmuwI:not(:focus):not(:active){-webkit-clip:rect(0 0 0 0);clip:rect(0 0 0 0);-webkit-clip-path:inset(50%);clip-path:inset(50%);height:1px;overflow:hidden;position:absolute;white-space:nowrap;width:1px;}/*!sc*/
data-styled.g39[id="sc-4c55784c-0"]{content:"lmuwI,"}/*!sc*/
.kFvJYH{position:relative;outline:none;border:0px;font-family:var(--typography-body_200-fontFamily,var(--typography-body-fontFamily,"SourceSansPro","Lucida Sans",sans-serif));font-size:var(--typography-body_200-fontSize,0.875rem);line-height:var(--typography-body_200-lineHeight,1.25rem);font-weight:var(--typography-body_200-fontWeight,400);-webkit-letter-spacing:var(--typography-body_200-letterSpacing,0.16px);-moz-letter-spacing:var(--typography-body_200-letterSpacing,0.16px);-ms-letter-spacing:var(--typography-body_200-letterSpacing,0.16px);letter-spacing:var(--typography-body_200-letterSpacing,0.16px);font-style:var(--typography-body_200-fontStyle,normal);color:var(--colors-colorForeground-primary,var(--colors-text-primary,#212121));-webkit-text-decoration:underline;text-decoration:underline;}/*!sc*/
.kFvJYH svg{vertical-align:middle;width:16px;height:16px;}/*!sc*/
.kFvJYH:focus-visible{outline-offset:0.125rem;outline:0.125rem solid var(--colors-colorExtended-focusState-default,var(--colors-info-main,#2670EE));box-shadow:0px 0px 0px 0.375rem rgb(255 255 255 / 90%);border-radius:var(--borderRadius-sm,4px);}/*!sc*/
.kFvJYH:hover{color:var(--colors-colorForeground-brand,var(--colors-primary-main,#E01A22));-webkit-text-decoration:none;text-decoration:none;}/*!sc*/
.kFvJYH:active{color:var(--colors-colorForeground-primary,var(--colors-text-primary,#212121));-webkit-text-decoration:none;text-decoration:none;}/*!sc*/
.gtXLEV{position:relative;outline:none;border:0px;font-family:var(--typography-body_300-fontFamily,var(--typography-body-fontFamily,"SourceSansPro","Lucida Sans",sans-serif));font-size:var(--typography-body_300-fontSize,1rem);line-height:var(--typography-body_300-lineHeight,1.5rem);font-weight:var(--typography-body_300-fontWeight,400);-webkit-letter-spacing:var(--typography-body_300-letterSpacing,0px);-moz-letter-spacing:var(--typography-body_300-letterSpacing,0px);-ms-letter-spacing:var(--typography-body_300-letterSpacing,0px);letter-spacing:var(--typography-body_300-letterSpacing,0px);font-style:var(--typography-body_300-fontStyle,normal);color:var(--colors-colorForeground-primary,var(--colors-text-primary,#212121));-webkit-text-decoration:underline;text-decoration:underline;}/*!sc*/
.gtXLEV svg{vertical-align:middle;width:16px;height:16px;}/*!sc*/
.gtXLEV:focus-visible{outline-offset:0.125rem;outline:0.125rem solid var(--colors-colorExtended-focusState-default,var(--colors-info-main,#2670EE));box-shadow:0px 0px 0px 0.375rem rgb(255 255 255 / 90%);border-radius:var(--borderRadius-sm,4px);}/*!sc*/
.gtXLEV:hover{color:var(--colors-colorForeground-brand,var(--colors-primary-main,#E01A22));-webkit-text-decoration:none;text-decoration:none;}/*!sc*/
.gtXLEV:active{color:var(--colors-colorForeground-primary,var(--colors-text-primary,#212121));-webkit-text-decoration:none;text-decoration:none;}/*!sc*/
data-styled.g89[id="sc-856ff560-0-Component"]{content:"kFvJYH,gtXLEV,"}/*!sc*/
.hpXFqA{border:1px solid transparent;position:relative;height:100%;display:-webkit-box;display:-webkit-flex;display:-ms-flexbox;display:flex;-webkit-flex-direction:column;-ms-flex-direction:column;flex-direction:column;-webkit-box-pack:justify;-webkit-justify-content:space-between;-ms-flex-pack:justify;justify-content:space-between;cursor:pointer;border:1px solid var(--colors-colorBorder-tertiary,#E0E0E0);border-radius:var(--borderRadius-md,8px);min-height:19.5rem;padding:0.75rem;}/*!sc*/
.hpXFqA:hover{border:1px solid;border-color:var(--colors-colorBorder-tertiary,#E0E0E0);box-shadow:var(--shadows-lg,0px 8px 16px rgba(33,33,33,0.12));border-radius:var(--borderRadius-md,8px);}/*!sc*/
.hpXFqA.is-placeholder:hover{border-color:transparent;box-shadow:none;}/*!sc*/
@media (min-width:1200px) and (min-width:0){.hpXFqA{min-height:28.0625rem;}}/*!sc*/
.hpXFqA:hover .product__cta_btn{background-color:var(--colors-colorBackground-brand-default,var(--colors-primary-main,#E01A22));border-color:var(--colors-colorBorder-brand,var(--colors-primary-main,#E01A22));color:var(--colors-colorForeground-inverse,var(--colors-common-white,#FFFFFF));}/*!sc*/
.hpXFqA:hover .product__cta_btn svg{color:var(--colors-colorForeground-inverse,var(--colors-common-white,#FFFFFF));}/*!sc*/
.hpXFqA:focus{outline:2px solid var(--colors-colorExtended-focusState-default,var(--colors-info-main,#2670EE));outline-offset:1px;}/*!sc*/
@media (min-width:1200px) and (min-width:0){.hpXFqA{padding:1rem;}}/*!sc*/
.hpXFqA .product__image_area{position:relative;height:9.75rem;border-radius:var(--borderRadius-md,8px) var(--borderRadius-md,8px) 0 0;padding:1rem;margin:-0.75rem;margin-bottom:0px;background-color:#F5F5F5;}/*!sc*/
@media (min-width:480px){.hpXFqA .product__image_area{height:14.9375rem;}}/*!sc*/
@media (min-width:1200px) and (min-width:0){.hpXFqA .product__image_area{margin:-1rem;margin-bottom:0px;}}/*!sc*/
.hpXFqA .product__image_area .product__background_image{border-radius:var(--borderRadius-md,8px) var(--borderRadius-md,8px) 0 0;}/*!sc*/
.hpXFqA .product__image_area .product__badge{position:absolute;top:0;left:0;z-index:1;width:6rem;height:6rem;padding:inherit;}/*!sc*/
.hpXFqA .product__image_area .product__hero_image{position:relative;width:100%;height:100%;}/*!sc*/
.hpXFqA .product__title_area{margin-bottom:auto;padding:1rem 0;word-break:break-word;}/*!sc*/
@media (min-width:1200px) and (min-width:0){.hpXFqA .product__title_area{padding:1.5rem 0;}}/*!sc*/
.hpXFqA .product__title_area .product__title{color:var(--colors-colorForeground-primary,var(--colors-text-primary,#212121));font-family:var(--typography-heading_300-fontFamily,var(--typography-heading-fontFamily,"AvantGardeGothic",Arial,sans-serif));font-size:var(--typography-heading_300-fontSize,1rem);line-height:var(--typography-heading_300-lineHeight,1.5rem);font-weight:var(--typography-heading_300-fontWeight,700);-webkit-letter-spacing:var(--typography-heading_300-letterSpacing,0px);-moz-letter-spacing:var(--typography-heading_300-letterSpacing,0px);-ms-letter-spacing:var(--typography-heading_300-letterSpacing,0px);letter-spacing:var(--typography-heading_300-letterSpacing,0px);font-style:var(--typography-heading_300-fontStyle,normal);}/*!sc*/
.hpXFqA .product__title_area .product__description{padding-top:0.5rem;}/*!sc*/
.hpXFqA .product__cta_section{padding-top:1rem;}/*!sc*/
@media (min-width:1200px) and (min-width:0){.hpXFqA .product__cta_section{padding-top:1.25rem;}}/*!sc*/
.hpXFqA .product__cta_section .product__cta_btn{width:100%;height:2.5rem;}/*!sc*/
.hpXFqA .product__cta_section .product__cta_btn:hover{background-color:var(--colors-colorBackground-brand-default,var(--colors-primary-main,#E01A22));border-color:var(--colors-colorBorder-brand,var(--colors-primary-main,#E01A22));color:var(--colors-colorForeground-inverse,var(--colors-common-white,#FFFFFF));}/*!sc*/
.hpXFqA .product__cta_section .product__cta_btn:hover svg{color:var(--colors-colorForeground-inverse,var(--colors-common-white,#FFFFFF));}/*!sc*/
.emkSiz{border:1px solid transparent;position:relative;height:100%;display:-webkit-box;display:-webkit-flex;display:-ms-flexbox;display:flex;-webkit-flex-direction:column;-ms-flex-direction:column;flex-direction:column;-webkit-box-pack:justify;-webkit-justify-content:space-between;-ms-flex-pack:justify;justify-content:space-between;cursor:pointer;border:1px solid var(--colors-colorBorder-tertiary,#E0E0E0);border-radius:var(--borderRadius-md,8px);min-height:19.5rem;padding:0.75rem;}/*!sc*/
.emkSiz:hover{border:1px solid;border-color:var(--colors-colorBorder-tertiary,#E0E0E0);box-shadow:var(--shadows-lg,0px 8px 16px rgba(33,33,33,0.12));border-radius:var(--borderRadius-md,8px);}/*!sc*/
.emkSiz.is-placeholder:hover{border-color:transparent;box-shadow:none;}/*!sc*/
@media (min-width:1200px) and (min-width:0){.emkSiz{min-height:28.0625rem;}}/*!sc*/
.emkSiz:hover .product__cta_btn{background-color:var(--colors-colorBackground-brand-default,var(--colors-primary-main,#E01A22));border-color:var(--colors-colorBorder-brand,var(--colors-primary-main,#E01A22));color:var(--colors-colorForeground-inverse,var(--colors-common-white,#FFFFFF));}/*!sc*/
.emkSiz:hover .product__cta_btn svg{color:var(--colors-colorForeground-inverse,var(--colors-common-white,#FFFFFF));}/*!sc*/
.emkSiz:focus{outline:2px solid var(--colors-colorExtended-focusState-default,var(--colors-info-main,#2670EE));outline-offset:1px;}/*!sc*/
@media (min-width:1200px) and (min-width:0){.emkSiz{padding:1rem;}}/*!sc*/
.emkSiz .product__image_area{position:relative;height:9.75rem;border-radius:var(--borderRadius-md,8px) var(--borderRadius-md,8px) 0 0;padding:1rem;margin:-0.75rem;margin-bottom:0px;background-color:#ffffff;}/*!sc*/
@media (min-width:480px){.emkSiz .product__image_area{height:14.9375rem;}}/*!sc*/
@media (min-width:1200px) and (min-width:0){.emkSiz .product__image_area{margin:-1rem;margin-bottom:0px;}}/*!sc*/
.emkSiz .product__image_area .product__background_image{border-radius:var(--borderRadius-md,8px) var(--borderRadius-md,8px) 0 0;}/*!sc*/
.emkSiz .product__image_area .product__badge{position:absolute;top:0;left:0;z-index:1;width:6rem;height:6rem;padding:inherit;}/*!sc*/
.emkSiz .product__image_area .product__hero_image{position:relative;width:100%;height:100%;}/*!sc*/
.emkSiz .product__title_area{margin-bottom:auto;padding:1rem 0;word-break:break-word;}/*!sc*/
@media (min-width:1200px) and (min-width:0){.emkSiz .product__title_area{padding:1.5rem 0;}}/*!sc*/
.emkSiz .product__title_area .product__title{color:var(--colors-colorForeground-primary,var(--colors-text-primary,#212121));font-family:var(--typography-heading_300-fontFamily,var(--typography-heading-fontFamily,"AvantGardeGothic",Arial,sans-serif));font-size:var(--typography-heading_300-fontSize,1rem);line-height:var(--typography-heading_300-lineHeight,1.5rem);font-weight:var(--typography-heading_300-fontWeight,700);-webkit-letter-spacing:var(--typography-heading_300-letterSpacing,0px);-moz-letter-spacing:var(--typography-heading_300-letterSpacing,0px);-ms-letter-spacing:var(--typography-heading_300-letterSpacing,0px);letter-spacing:var(--typography-heading_300-letterSpacing,0px);font-style:var(--typography-heading_300-fontStyle,normal);}/*!sc*/
.emkSiz .product__title_area .product__description{padding-top:0.5rem;}/*!sc*/
.emkSiz .product__cta_section{padding-top:1rem;}/*!sc*/
@media (min-width:1200px) and (min-width:0){.emkSiz .product__cta_section{padding-top:1.25rem;}}/*!sc*/
.emkSiz .product__cta_section .product__cta_btn{width:100%;height:2.5rem;}/*!sc*/
.emkSiz .product__cta_section .product__cta_btn:hover{background-color:var(--colors-colorBackground-brand-default,var(--colors-primary-main,#E01A22));border-color:var(--colors-colorBorder-brand,var(--colors-primary-main,#E01A22));color:var(--colors-colorForeground-inverse,var(--colors-common-white,#FFFFFF));}/*!sc*/
.emkSiz .product__cta_section .product__cta_btn:hover svg{color:var(--colors-colorForeground-inverse,var(--colors-common-white,#FFFFFF));}/*!sc*/
data-styled.g216[id="sc-65223730-0"]{content:"hpXFqA,emkSiz,"}/*!sc*/
.iCBDxV{font-family:var(--typography-body_300_bold-fontFamily,var(--typography-body-fontFamily,"SourceSansPro","Lucida Sans",sans-serif));font-size:var(--typography-body_300_bold-fontSize,1rem);line-height:var(--typography-body_300_bold-lineHeight,1.5rem);font-weight:var(--typography-body_300_bold-fontWeight,600);-webkit-letter-spacing:var(--typography-body_300_bold-letterSpacing,0px);-moz-letter-spacing:var(--typography-body_300_bold-letterSpacing,0px);-ms-letter-spacing:var(--typography-body_300_bold-letterSpacing,0px);letter-spacing:var(--typography-body_300_bold-letterSpacing,0px);font-style:var(--typography-body_300_bold-fontStyle,normal);color:var(--colors-colorForeground-primary,var(--colors-text-primary,#212121));}/*!sc*/
data-styled.g225[id="sc-74a0f7a3-0"]{content:"iCBDxV,"}/*!sc*/
.dzJHyn.MuiFormHelperText-root{margin:0.5rem 0 0;font-family:var(--typography-body_100-fontFamily,var(--typography-body-fontFamily,"SourceSansPro","Lucida Sans",sans-serif));font-size:var(--typography-body_100-fontSize,0.75rem);line-height:var(--typography-body_100-lineHeight,1rem);font-weight:var(--typography-body_100-fontWeight,400);-webkit-letter-spacing:var(--typography-body_100-letterSpacing,0.32px);-moz-letter-spacing:var(--typography-body_100-letterSpacing,0.32px);-ms-letter-spacing:var(--typography-body_100-letterSpacing,0.32px);letter-spacing:var(--typography-body_100-letterSpacing,0.32px);font-style:var(--typography-body_100-fontStyle,normal);color:var(--colors-colorForeground-primary,var(--colors-text-primary,#212121));}/*!sc*/
.dzJHyn.MuiFormHelperText-root.Mui-error{color:var(--colors-colorFeedback-error-primary,var(--colors-error-main,#C90E21));}/*!sc*/
data-styled.g231[id="sc-74a0f7a3-6"]{content:"dzJHyn,"}/*!sc*/
.igxfOP{margin-top:0.5rem;height:3rem;padding:0.75rem 1rem;border-radius:var(--borderRadius-sm,4px);background-color:var(--colors-colorBackground-primary-default,var(--colors-background-default,#FFFFFF));border:0.0625rem solid var(--colors-colorBorder-secondary,#8D8D8D);outline:none;}/*!sc*/
.igxfOP:hover:not(.Mui-disabled){border-color:var(--colors-colorBorder-primary,#212121);}/*!sc*/
.igxfOP input{font-family:var(--typography-body_300-fontFamily,var(--typography-body-fontFamily,"SourceSansPro","Lucida Sans",sans-serif));font-size:var(--typography-body_300-fontSize,1rem);line-height:var(--typography-body_300-lineHeight,1.5rem);font-weight:var(--typography-body_300-fontWeight,400);-webkit-letter-spacing:var(--typography-body_300-letterSpacing,0px);-moz-letter-spacing:var(--typography-body_300-letterSpacing,0px);-ms-letter-spacing:var(--typography-body_300-letterSpacing,0px);letter-spacing:var(--typography-body_300-letterSpacing,0px);font-style:var(--typography-body_300-fontStyle,normal);-moz-appearance:textfield;}/*!sc*/
.igxfOP input::-webkit-outer-spin-button,.igxfOP input::-webkit-inner-spin-button{-webkit-appearance:none;margin:0;}/*!sc*/
.igxfOP.Mui-focused{border:0.125rem solid var(--colors-colorFeedback-guidance-primary,var(--colors-info-main,#2670EE));outline:0.0625rem solid transparent;}/*!sc*/
.igxfOP.Mui-error{background:var(--colors-colorFeedback-error-secondary,#FFF0F0);border:0.0625rem solid var(--colors-colorFeedback-error-primary,var(--colors-error-main,#C90E21));outline:none;}/*!sc*/
.igxfOP.Mui-error:focus,.igxfOP.Mui-error:hover{border:0.0625rem solid var(--colors-colorFeedback-error-primary,var(--colors-error-main,#C90E21));}/*!sc*/
.igxfOP.Mui-disabled{outline:0.0625rem solid var(--colors-colorBorder-tertiary,#E0E0E0);}/*!sc*/
.igxfOP.Mui-disabled:hover,.igxfOP.Mui-disabled *:hover{cursor:not-allowed;}/*!sc*/
.igxfOP.Mui-disabled svg{color:currentColor;}/*!sc*/
.igxfOP.MuiFormControl-fullWidth{max-width:100%;}/*!sc*/
.igxfOP.MuiInputBase-adornedStart .MuiInputBase-input{padding-left:0.75rem;}/*!sc*/
.igxfOP.MuiInputBase-adornedEnd .MuiInputBase-input{padding-right:0.75rem;}/*!sc*/
.igxfOP.gIjjwS.Mui-error{background:var(--colors-colorFeedback-error-secondary,#FFF0F0);outline:0.0625rem solid var(--colors-colorFeedback-error-primary,var(--colors-error-main,#C90E21));}/*!sc*/
data-styled.g232[id="sc-74a0f7a3-7"]{content:"igxfOP,"}/*!sc*/
.fLUYIy{font-family:var(--typography-body_200_bold-fontFamily,var(--typography-body-fontFamily,"SourceSansPro","Lucida Sans",sans-serif));font-size:var(--typography-body_200_bold-fontSize,0.875rem);line-height:var(--typography-body_200_bold-lineHeight,1.25rem);font-weight:var(--typography-body_200_bold-fontWeight,600);-webkit-letter-spacing:var(--typography-body_200_bold-letterSpacing,0.16px);-moz-letter-spacing:var(--typography-body_200_bold-letterSpacing,0.16px);-ms-letter-spacing:var(--typography-body_200_bold-letterSpacing,0.16px);letter-spacing:var(--typography-body_200_bold-letterSpacing,0.16px);font-style:var(--typography-body_200_bold-fontStyle,normal);background:var(--colors-colorBackground-secondary-default,#F5F5F5);color:var(--colors-colorForeground-primary,var(--colors-text-primary,#212121));border:0.125rem solid var(--colors-colorBackground-secondary-default,#F5F5F5);padding:0.25rem 0.875rem;border-radius:var(--borderRadius-round,9999px);display:-webkit-box;display:-webkit-flex;display:-ms-flexbox;display:flex;-webkit-align-items:center;-webkit-box-align:center;-ms-flex-align:center;align-items:center;outline:none;}/*!sc*/
.fLUYIy:focus{z-index:1;outline-color:transparent;box-shadow:0 0 0 2px var(--colors-colorBorder-inverse,var(--colors-common-white,#FFFFFF)), 0 0 0 4px var(--colors-colorExtended-focusState-default,var(--colors-info-main,#2670EE));}/*!sc*/
.fLUYIy:focus:not(:focus-visible){box-shadow:none;}/*!sc*/
.fLUYIy:focus-visible{z-index:1;outline-color:transparent;box-shadow:0 0 0 2px var(--colors-colorBorder-inverse,var(--colors-common-white,#FFFFFF)), 0 0 0 4px var(--colors-colorExtended-focusState-default,var(--colors-info-main,#2670EE));}/*!sc*/
.fLUYIy .icon-start,.fLUYIy .icon-end{display:-webkit-box;display:-webkit-flex;display:-ms-flexbox;display:flex;}/*!sc*/
.fLUYIy .icon-start svg{margin-right:0.5rem;}/*!sc*/
.fLUYIy .icon-end svg{margin-left:0.5rem;}/*!sc*/
.fLUYIy svg{width:1rem;height:1rem;}/*!sc*/
.fLUYIy:hover{-webkit-text-decoration:underline;text-decoration:underline;cursor:pointer;}/*!sc*/
.fLUYIy:focus,.fLUYIy:active{-webkit-text-decoration:none;text-decoration:none;}/*!sc*/
data-styled.g264[id="sc-1a1f935e-0"]{content:"fLUYIy,"}/*!sc*/
.iAMCsX{font-family:var(--typography-body_300_bold-fontFamily,var(--typography-body-fontFamily,"SourceSansPro","Lucida Sans",sans-serif));font-size:var(--typography-body_300_bold-fontSize,1rem);line-height:var(--typography-body_300_bold-lineHeight,1.5rem);font-weight:var(--typography-body_300_bold-fontWeight,600);-webkit-letter-spacing:var(--typography-body_300_bold-letterSpacing,0px);-moz-letter-spacing:var(--typography-body_300_bold-letterSpacing,0px);-ms-letter-spacing:var(--typography-body_300_bold-letterSpacing,0px);letter-spacing:var(--typography-body_300_bold-letterSpacing,0px);font-style:var(--typography-body_300_bold-fontStyle,normal);color:var(--colors-colorForeground-secondary,#6F6F6F);}/*!sc*/
data-styled.g303[id="sc-94249bad-4"]{content:"iAMCsX,"}/*!sc*/
.jLgRPd{grid-row:1;grid-column:2;-webkit-align-self:center;-ms-flex-item-align:center;align-self:center;margin-top:0.8125rem;}/*!sc*/
data-styled.g304[id="sc-94249bad-5"]{content:"jLgRPd,"}/*!sc*/
.hRRJpr{display:grid;grid-template-columns:minmax(auto,max-content) auto;grid-template-rows:auto auto;margin-top:0px;}/*!sc*/
@media (min-width:480px){.hRRJpr{margin-top:28px;}}/*!sc*/
.hRRJpr .product__lists_remove{grid-column:1;}/*!sc*/
.hRRJpr .product__lists_item_quantity{grid-column:1;display:-webkit-box;display:-webkit-flex;display:-ms-flexbox;display:flex;-webkit-flex-direction:column;-ms-flex-direction:column;flex-direction:column;padding-right:1rem;}/*!sc*/
.hRRJpr .product__lists_item_quantity > p{margin:0 0 0.5rem;font-family:var(--typography-body_200_bold-fontFamily,var(--typography-body-fontFamily,"SourceSansPro","Lucida Sans",sans-serif));font-size:var(--typography-body_200_bold-fontSize,0.875rem);line-height:var(--typography-body_200_bold-lineHeight,1.25rem);font-weight:var(--typography-body_200_bold-fontWeight,600);-webkit-letter-spacing:var(--typography-body_200_bold-letterSpacing,0.16px);-moz-letter-spacing:var(--typography-body_200_bold-letterSpacing,0.16px);-ms-letter-spacing:var(--typography-body_200_bold-letterSpacing,0.16px);letter-spacing:var(--typography-body_200_bold-letterSpacing,0.16px);font-style:var(--typography-body_200_bold-fontStyle,normal);}/*!sc*/
.hRRJpr .product__lists_item_quantity > fieldset{padding-bottom:1rem;}/*!sc*/
.hRRJpr .product__lists_item_quantity.product-unavailable{color:var(--colors-colorForeground-secondary,#6F6F6F);position:relative;top:-0.9375rem;}/*!sc*/
data-styled.g306[id="sc-94249bad-7"]{content:"hRRJpr,"}/*!sc*/
.joBIZU{border:1px solid transparent;position:relative;display:-webkit-box;display:-webkit-flex;display:-ms-flexbox;display:flex;-webkit-flex-direction:column;-ms-flex-direction:column;flex-direction:column;width:100%;height:100%;padding:0.75rem;}/*!sc*/
@media (min-width:480px){.joBIZU:hover{border:1px solid;border-color:var(--colors-colorBorder-tertiary,#E0E0E0);box-shadow:var(--shadows-lg,0px 8px 16px rgba(33,33,33,0.12));border-radius:var(--borderRadius-md,8px);}}/*!sc*/
.joBIZU.is-placeholder:hover{border-color:transparent;box-shadow:none;}/*!sc*/
.joBIZU .product__link{display:block;}/*!sc*/
.joBIZU .product__link:hover,.joBIZU .product__link:focus{outline:none;-webkit-text-decoration:underline;text-decoration:underline;}/*!sc*/
.joBIZU .show-on-small-screen{display:none;}/*!sc*/
.joBIZU .hide-on-small-screen{display:block;}/*!sc*/
.joBIZU.small-screen .hide-on-small-screen{display:none;}/*!sc*/
.joBIZU.small-screen .placeholder_is-small{display:block;}/*!sc*/
.joBIZU.small-screen .product__header{display:-webkit-box;display:-webkit-flex;display:-ms-flexbox;display:flex;-webkit-flex-direction:row;-ms-flex-direction:row;flex-direction:row;}/*!sc*/
.joBIZU.small-screen .product__header .product__image_area{-webkit-flex:2;-ms-flex:2;flex:2;margin-right:1rem;}/*!sc*/
.joBIZU.small-screen .product__header .product__message-title_area{-webkit-flex:3;-ms-flex:3;flex:3;}/*!sc*/
.joBIZU.small-screen .product__pricing_area.show-on-small-screen{display:block;min-height:auto;margin-top:0.5rem;}/*!sc*/
.joBIZU:hover .product-tiles-btn{background-color:var(--colors-colorBackground-brand-default,var(--colors-primary-main,#E01A22));color:var(--colors-colorForeground-inverse,var(--colors-common-white,#FFFFFF));border:none;}/*!sc*/
.joBIZU:hover .product-tiles-btn svg{color:var(--colors-colorForeground-inverse,var(--colors-common-white,#FFFFFF));}/*!sc*/
.joBIZU .product-tiles-btn:hover{background-color:var(--colors-colorBackground-brand-hover,var(--colors-primary-dark,#B9091D));}/*!sc*/
.joBIZU .product-tiles-btn:active{background-color:var(--colors-colorBackground-brand-active,#960319);}/*!sc*/
@media (min-width:1200px) and (min-width:0){.joBIZU{padding:1rem;}}/*!sc*/
.joBIZU .product__header{position:relative;}/*!sc*/
.joBIZU .product__header .product__pricing_area{display:none;}/*!sc*/
.joBIZU .product__header .product__link:hover .product__title,.joBIZU .product__header .product__title_button:hover .product__title,.joBIZU .product__header .product__link:focus .product__title,.joBIZU .product__header .product__title_button:focus .product__title{-webkit-text-decoration:underline;text-decoration:underline;}/*!sc*/
.joBIZU .product__header .product__link:focus .product__title,.joBIZU .product__header .product__title_button:focus .product__title{box-shadow:0 0 0 2px var(--colors-colorBorder-inverse,var(--colors-common-white,#FFFFFF)), 0px 0px 0px 0.25rem var(--colors-colorExtended-focusState-default,var(--colors-info-main,#2670EE));}/*!sc*/
.joBIZU .product__header .product__link .product__title,.joBIZU .product__header .product__title_button .product__title{font-family:var(--typography-body_300_bold-fontFamily,var(--typography-body-fontFamily,"SourceSansPro","Lucida Sans",sans-serif));font-size:var(--typography-body_300_bold-fontSize,1rem);line-height:var(--typography-body_300_bold-lineHeight,1.5rem);font-weight:var(--typography-body_300_bold-fontWeight,600);-webkit-letter-spacing:var(--typography-body_300_bold-letterSpacing,0px);-moz-letter-spacing:var(--typography-body_300_bold-letterSpacing,0px);-ms-letter-spacing:var(--typography-body_300_bold-letterSpacing,0px);letter-spacing:var(--typography-body_300_bold-letterSpacing,0px);font-style:var(--typography-body_300_bold-fontStyle,normal);color:var(--colors-colorForeground-primary,var(--colors-text-primary,#212121));}/*!sc*/
@media (min-width:480px){.joBIZU .product__header .product__link .product__title,.joBIZU .product__header .product__title_button .product__title{min-height:4.5rem;}}/*!sc*/
.joBIZU .product__header .product__title_button{cursor:pointer;padding-top:1.5rem;}/*!sc*/
.joBIZU .product__header .product__image_area{margin-bottom:0.5rem;}/*!sc*/
.joBIZU .product__header .product__image_area .product__image.product__image_button{cursor:pointer;}/*!sc*/
.joBIZU .product__header .product__image_area .product__link{display:-webkit-box;display:-webkit-flex;display:-ms-flexbox;display:flex;-webkit-box-pack:center;-webkit-justify-content:center;-ms-flex-pack:center;justify-content:center;padding:2rem 0 0;}/*!sc*/
.joBIZU .product__header .product__image_area .product__link > *{border:1px solid transparent;}/*!sc*/
.joBIZU .product__header .product__image_area .product__link > *:hover{border:1px solid var(--colors-colorBorder-primary,#212121);}/*!sc*/
.joBIZU .product__header .product__image_area .product__link:focus > *{box-shadow:0 0 0 2px var(--colors-colorBorder-inverse,var(--colors-common-white,#FFFFFF)), 0px 0px 0px 0.25rem var(--colors-colorExtended-focusState-default,var(--colors-info-main,#2670EE));}/*!sc*/
@media (min-width:768px) and (max-width:1199px){.joBIZU .product__header .product__image_area .product__link{padding:0.5rem 0.5rem 0;}}/*!sc*/
@media (min-width:1200px) and (min-width:0){.joBIZU .product__header .product__image_area .product__link{padding:0.5rem 0.5rem 0;}}/*!sc*/
.joBIZU .product__header .product__message-title_area .product__badge{position:absolute;top:0;left:0;z-index:1;}/*!sc*/
.joBIZU .product__header .product__message-title_area .product__top_messaging{position:absolute;display:-webkit-box;display:-webkit-flex;display:-ms-flexbox;display:flex;-webkit-flex-wrap:nowrap;-ms-flex-wrap:nowrap;flex-wrap:nowrap;overflow-x:hidden;margin-bottom:0.25rem;}/*!sc*/
@media (min-width:1200px) and (min-width:0){.joBIZU .product__header .product__message-title_area .product__top_messaging{overflow-x:visible;}}/*!sc*/
.joBIZU .product__header .product__message-title_area .product__top_messaging .product__top_messaging__item{-webkit-flex:none;-ms-flex:none;flex:none;font-family:var(--typography-body_200-fontFamily,var(--typography-body-fontFamily,"SourceSansPro","Lucida Sans",sans-serif));font-size:var(--typography-body_200-fontSize,0.875rem);line-height:var(--typography-body_200-lineHeight,1.25rem);font-weight:var(--typography-body_200-fontWeight,400);-webkit-letter-spacing:var(--typography-body_200-letterSpacing,0.16px);-moz-letter-spacing:var(--typography-body_200-letterSpacing,0.16px);-ms-letter-spacing:var(--typography-body_200-letterSpacing,0.16px);letter-spacing:var(--typography-body_200-letterSpacing,0.16px);font-style:var(--typography-body_200-fontStyle,normal);color:var(--colors-colorForeground-secondary,#6F6F6F);}/*!sc*/
.joBIZU .product__header .product__message-title_area .product__top_messaging .product__top_messaging__item:not(:first-child):before{content:' \2022';margin-left:0.25rem;margin-right:0.25rem;}/*!sc*/
.joBIZU .product__header .product__message-title_area .product__link{padding-top:1.5rem;}/*!sc*/
@media (min-width:1200px) and (min-width:0){.joBIZU .product__pricing_area .product__pricing{margin-bottom:0.5rem;}}/*!sc*/
.joBIZU .product__rating_area{margin-bottom:0.75rem;}/*!sc*/
.joBIZU .product__offers_description{display:-webkit-box;display:-webkit-flex;display:-ms-flexbox;display:flex;-webkit-flex-direction:column;-ms-flex-direction:column;flex-direction:column;}/*!sc*/
@media (min-width:768px) and (max-width:1199px){}/*!sc*/
.joBIZU .product__offers_description > *{margin-bottom:0.25rem;}/*!sc*/
.joBIZU .product__offers_description > *:last-child{margin-bottom:0px;}/*!sc*/
.joBIZU .product__offers_description .product_promotion.flybuys{color:var(--colors-colorExtended-flybuys,#047CC2);font-family:var(--typography-body_200_bold-fontFamily,var(--typography-body-fontFamily,"SourceSansPro","Lucida Sans",sans-serif));font-size:var(--typography-body_200_bold-fontSize,0.875rem);line-height:var(--typography-body_200_bold-lineHeight,1.25rem);font-weight:var(--typography-body_200_bold-fontWeight,600);-webkit-letter-spacing:var(--typography-body_200_bold-letterSpacing,0.16px);-moz-letter-spacing:var(--typography-body_200_bold-letterSpacing,0.16px);-ms-letter-spacing:var(--typography-body_200_bold-letterSpacing,0.16px);letter-spacing:var(--typography-body_200_bold-letterSpacing,0.16px);font-style:var(--typography-body_200_bold-fontStyle,normal);}/*!sc*/
.joBIZU .product__offers_description .product_promotion.complex{color:var(--colors-colorForeground-primary,var(--colors-text-primary,#212121));font-family:var(--typography-body_200-fontFamily,var(--typography-body-fontFamily,"SourceSansPro","Lucida Sans",sans-serif));font-size:var(--typography-body_200-fontSize,0.875rem);line-height:var(--typography-body_200-lineHeight,1.25rem);font-weight:var(--typography-body_200-fontWeight,400);-webkit-letter-spacing:var(--typography-body_200-letterSpacing,0.16px);-moz-letter-spacing:var(--typography-body_200-letterSpacing,0.16px);-ms-letter-spacing:var(--typography-body_200-letterSpacing,0.16px);letter-spacing:var(--typography-body_200-letterSpacing,0.16px);font-style:var(--typography-body_200-fontStyle,normal);}/*!sc*/
.joBIZU .product__short_description{font-family:var(--typography-body_100-fontFamily,var(--typography-body-fontFamily,"SourceSansPro","Lucida Sans",sans-serif));font-size:var(--typography-body_100-fontSize,0.75rem);line-height:var(--typography-body_100-lineHeight,1rem);font-weight:var(--typography-body_100-fontWeight,400);-webkit-letter-spacing:var(--typography-body_100-letterSpacing,0.32px);-moz-letter-spacing:var(--typography-body_100-letterSpacing,0.32px);-ms-letter-spacing:var(--typography-body_100-letterSpacing,0.32px);letter-spacing:var(--typography-body_100-letterSpacing,0.32px);font-style:var(--typography-body_100-fontStyle,normal);color:var(--colors-colorForeground-secondary,#6F6F6F);}/*!sc*/
.joBIZU .unavailable-container{position:relative;white-space:nowrap;}/*!sc*/
.joBIZU .unavailable-container .similar-product-unavailable{padding-bottom:0.5rem;}/*!sc*/
@media (min-width:1200px){.joBIZU .unavailable-container .similar-product-unavailable{padding-bottom:0;position:absolute;}}/*!sc*/
.joBIZU .product__cta_section{height:100%;display:-webkit-box;display:-webkit-flex;display:-ms-flexbox;display:flex;-webkit-flex-direction:column;-ms-flex-direction:column;flex-direction:column;-webkit-box-pack:justify;-webkit-justify-content:space-between;-ms-flex-pack:justify;justify-content:space-between;padding-top:0.5rem;}/*!sc*/
.joBIZU .product__cta_section .product__link{color:var(--colors-colorForeground-brand,var(--colors-primary-main,#E01A22));-webkit-text-decoration:underline;text-decoration:underline;}/*!sc*/
.joBIZU .product__cta_section .product__add_to_cart{width:100%;}/*!sc*/
.joBIZU.small-screen .product__cta_section{padding-top:1rem;}/*!sc*/
.hQizZu{border:1px solid transparent;position:relative;display:-webkit-box;display:-webkit-flex;display:-ms-flexbox;display:flex;-webkit-flex-direction:column;-ms-flex-direction:column;flex-direction:column;width:100%;height:100%;padding:0.75rem;}/*!sc*/
@media (min-width:480px){.hQizZu:hover{border:1px solid;border-color:var(--colors-colorBorder-tertiary,#E0E0E0);box-shadow:var(--shadows-lg,0px 8px 16px rgba(33,33,33,0.12));border-radius:var(--borderRadius-md,8px);}}/*!sc*/
.hQizZu.is-placeholder:hover{border-color:transparent;box-shadow:none;}/*!sc*/
.hQizZu .product__link{display:block;}/*!sc*/
.hQizZu .product__link:hover,.hQizZu .product__link:focus{outline:none;-webkit-text-decoration:underline;text-decoration:underline;}/*!sc*/
.hQizZu .show-on-small-screen{display:none;}/*!sc*/
.hQizZu .hide-on-small-screen{display:block;}/*!sc*/
.hQizZu.small-screen .hide-on-small-screen{display:none;}/*!sc*/
.hQizZu.small-screen .placeholder_is-small{display:block;}/*!sc*/
.hQizZu.small-screen .product__header{display:-webkit-box;display:-webkit-flex;display:-ms-flexbox;display:flex;-webkit-flex-direction:row;-ms-flex-direction:row;flex-direction:row;}/*!sc*/
.hQizZu.small-screen .product__header .product__image_area{-webkit-flex:2;-ms-flex:2;flex:2;margin-right:1rem;}/*!sc*/
.hQizZu.small-screen .product__header .product__message-title_area{-webkit-flex:3;-ms-flex:3;flex:3;}/*!sc*/
.hQizZu.small-screen .product__pricing_area.show-on-small-screen{display:block;min-height:auto;margin-top:0.5rem;}/*!sc*/
.hQizZu:hover .product-tiles-btn{background-color:var(--colors-colorBackground-brand-default,var(--colors-primary-main,#E01A22));color:var(--colors-colorForeground-inverse,var(--colors-common-white,#FFFFFF));border:none;}/*!sc*/
.hQizZu:hover .product-tiles-btn svg{color:var(--colors-colorForeground-inverse,var(--colors-common-white,#FFFFFF));}/*!sc*/
.hQizZu .product-tiles-btn:hover{background-color:var(--colors-colorBackground-brand-hover,var(--colors-primary-dark,#B9091D));}/*!sc*/
.hQizZu .product-tiles-btn:active{background-color:var(--colors-colorBackground-brand-active,#960319);}/*!sc*/
@media (min-width:1200px) and (min-width:0){.hQizZu{padding:1rem;}}/*!sc*/
.hQizZu .product__header{position:relative;}/*!sc*/
.hQizZu .product__header .product__pricing_area{display:none;}/*!sc*/
.hQizZu .product__header .product__link:hover .product__title,.hQizZu .product__header .product__title_button:hover .product__title,.hQizZu .product__header .product__link:focus .product__title,.hQizZu .product__header .product__title_button:focus .product__title{-webkit-text-decoration:underline;text-decoration:underline;}/*!sc*/
.hQizZu .product__header .product__link:focus .product__title,.hQizZu .product__header .product__title_button:focus .product__title{box-shadow:0 0 0 2px var(--colors-colorBorder-inverse,var(--colors-common-white,#FFFFFF)), 0px 0px 0px 0.25rem var(--colors-colorExtended-focusState-default,var(--colors-info-main,#2670EE));}/*!sc*/
.hQizZu .product__header .product__link .product__title,.hQizZu .product__header .product__title_button .product__title{font-family:var(--typography-body_300_bold-fontFamily,var(--typography-body-fontFamily,"SourceSansPro","Lucida Sans",sans-serif));font-size:var(--typography-body_300_bold-fontSize,1rem);line-height:var(--typography-body_300_bold-lineHeight,1.5rem);font-weight:var(--typography-body_300_bold-fontWeight,600);-webkit-letter-spacing:var(--typography-body_300_bold-letterSpacing,0px);-moz-letter-spacing:var(--typography-body_300_bold-letterSpacing,0px);-ms-letter-spacing:var(--typography-body_300_bold-letterSpacing,0px);letter-spacing:var(--typography-body_300_bold-letterSpacing,0px);font-style:var(--typography-body_300_bold-fontStyle,normal);color:var(--colors-colorForeground-primary,var(--colors-text-primary,#212121));}/*!sc*/
@media (min-width:480px){.hQizZu .product__header .product__link .product__title,.hQizZu .product__header .product__title_button .product__title{min-height:4.5rem;}}/*!sc*/
.hQizZu .product__header .product__title_button{cursor:pointer;padding-top:1.5rem;}/*!sc*/
.hQizZu .product__header .product__image_area{margin-bottom:0.5rem;}/*!sc*/
.hQizZu .product__header .product__image_area .product__image.product__image_button{cursor:pointer;}/*!sc*/
.hQizZu .product__header .product__image_area .product__link{display:-webkit-box;display:-webkit-flex;display:-ms-flexbox;display:flex;-webkit-box-pack:center;-webkit-justify-content:center;-ms-flex-pack:center;justify-content:center;padding:2rem 0 0;}/*!sc*/
.hQizZu .product__header .product__image_area .product__link > *{border:1px solid transparent;}/*!sc*/
.hQizZu .product__header .product__image_area .product__link > *:hover{border:1px solid var(--colors-colorBorder-primary,#212121);}/*!sc*/
.hQizZu .product__header .product__image_area .product__link:focus > *{box-shadow:0 0 0 2px var(--colors-colorBorder-inverse,var(--colors-common-white,#FFFFFF)), 0px 0px 0px 0.25rem var(--colors-colorExtended-focusState-default,var(--colors-info-main,#2670EE));}/*!sc*/
@media (min-width:768px) and (max-width:1199px){.hQizZu .product__header .product__image_area .product__link{padding:0.5rem 0.5rem 0;}}/*!sc*/
@media (min-width:1200px) and (min-width:0){.hQizZu .product__header .product__image_area .product__link{padding:0.5rem 0.5rem 0;}}/*!sc*/
.hQizZu .product__header .product__message-title_area .product__badge{position:absolute;top:0;left:0;z-index:1;}/*!sc*/
.hQizZu .product__header .product__message-title_area .product__top_messaging{position:absolute;display:-webkit-box;display:-webkit-flex;display:-ms-flexbox;display:flex;-webkit-flex-wrap:nowrap;-ms-flex-wrap:nowrap;flex-wrap:nowrap;overflow-x:hidden;margin-bottom:0.25rem;}/*!sc*/
@media (min-width:1200px) and (min-width:0){.hQizZu .product__header .product__message-title_area .product__top_messaging{overflow-x:visible;}}/*!sc*/
.hQizZu .product__header .product__message-title_area .product__top_messaging .product__top_messaging__item{-webkit-flex:none;-ms-flex:none;flex:none;font-family:var(--typography-body_200-fontFamily,var(--typography-body-fontFamily,"SourceSansPro","Lucida Sans",sans-serif));font-size:var(--typography-body_200-fontSize,0.875rem);line-height:var(--typography-body_200-lineHeight,1.25rem);font-weight:var(--typography-body_200-fontWeight,400);-webkit-letter-spacing:var(--typography-body_200-letterSpacing,0.16px);-moz-letter-spacing:var(--typography-body_200-letterSpacing,0.16px);-ms-letter-spacing:var(--typography-body_200-letterSpacing,0.16px);letter-spacing:var(--typography-body_200-letterSpacing,0.16px);font-style:var(--typography-body_200-fontStyle,normal);color:var(--colors-colorForeground-secondary,#6F6F6F);}/*!sc*/
.hQizZu .product__header .product__message-title_area .product__top_messaging .product__top_messaging__item:not(:first-child):before{content:' \2022';margin-left:0.25rem;margin-right:0.25rem;}/*!sc*/
.hQizZu .product__header .product__message-title_area .product__link{padding-top:1.5rem;}/*!sc*/
@media (min-width:1200px) and (min-width:0){.hQizZu .product__pricing_area .product__pricing{margin-bottom:0.5rem;}}/*!sc*/
.hQizZu .product__rating_area{margin-bottom:0.75rem;}/*!sc*/
.hQizZu .product__offers_description{display:-webkit-box;display:-webkit-flex;display:-ms-flexbox;display:flex;-webkit-flex-direction:column;-ms-flex-direction:column;flex-direction:column;}/*!sc*/
@media (min-width:768px) and (max-width:1199px){}/*!sc*/
.hQizZu .product__offers_description > *{margin-bottom:0.25rem;}/*!sc*/
.hQizZu .product__offers_description > *:last-child{margin-bottom:0px;}/*!sc*/
.hQizZu .product__offers_description .product_promotion.flybuys{color:var(--colors-colorExtended-flybuys,#047CC2);font-family:var(--typography-body_200_bold-fontFamily,var(--typography-body-fontFamily,"SourceSansPro","Lucida Sans",sans-serif));font-size:var(--typography-body_200_bold-fontSize,0.875rem);line-height:var(--typography-body_200_bold-lineHeight,1.25rem);font-weight:var(--typography-body_200_bold-fontWeight,600);-webkit-letter-spacing:var(--typography-body_200_bold-letterSpacing,0.16px);-moz-letter-spacing:var(--typography-body_200_bold-letterSpacing,0.16px);-ms-letter-spacing:var(--typography-body_200_bold-letterSpacing,0.16px);letter-spacing:var(--typography-body_200_bold-letterSpacing,0.16px);font-style:var(--typography-body_200_bold-fontStyle,normal);}/*!sc*/
.hQizZu .product__offers_description .product_promotion.complex{color:var(--colors-colorForeground-primary,var(--colors-text-primary,#212121));font-family:var(--typography-body_200-fontFamily,var(--typography-body-fontFamily,"SourceSansPro","Lucida Sans",sans-serif));font-size:var(--typography-body_200-fontSize,0.875rem);line-height:var(--typography-body_200-lineHeight,1.25rem);font-weight:var(--typography-body_200-fontWeight,400);-webkit-letter-spacing:var(--typography-body_200-letterSpacing,0.16px);-moz-letter-spacing:var(--typography-body_200-letterSpacing,0.16px);-ms-letter-spacing:var(--typography-body_200-letterSpacing,0.16px);letter-spacing:var(--typography-body_200-letterSpacing,0.16px);font-style:var(--typography-body_200-fontStyle,normal);}/*!sc*/
.hQizZu .product__short_description{font-family:var(--typography-body_100-fontFamily,var(--typography-body-fontFamily,"SourceSansPro","Lucida Sans",sans-serif));font-size:var(--typography-body_100-fontSize,0.75rem);line-height:var(--typography-body_100-lineHeight,1rem);font-weight:var(--typography-body_100-fontWeight,400);-webkit-letter-spacing:var(--typography-body_100-letterSpacing,0.32px);-moz-letter-spacing:var(--typography-body_100-letterSpacing,0.32px);-ms-letter-spacing:var(--typography-body_100-letterSpacing,0.32px);letter-spacing:var(--typography-body_100-letterSpacing,0.32px);font-style:var(--typography-body_100-fontStyle,normal);color:var(--colors-colorForeground-secondary,#6F6F6F);}/*!sc*/
.hQizZu .unavailable-container{position:relative;white-space:nowrap;}/*!sc*/
.hQizZu .unavailable-container .similar-product-unavailable{padding-bottom:0.5rem;}/*!sc*/
@media (min-width:1200px){.hQizZu .unavailable-container .similar-product-unavailable{padding-bottom:0;position:absolute;}}/*!sc*/
.hQizZu .product__cta_section{height:100%;display:-webkit-box;display:-webkit-flex;display:-ms-flexbox;display:flex;-webkit-flex-direction:column;-ms-flex-direction:column;flex-direction:column;-webkit-box-pack:justify;-webkit-justify-content:space-between;-ms-flex-pack:justify;justify-content:space-between;padding-top:0.5rem;}/*!sc*/
.hQizZu .product__cta_section .product__link{color:var(--colors-colorForeground-brand,var(--colors-primary-main,#E01A22));-webkit-text-decoration:underline;text-decoration:underline;}/*!sc*/
.hQizZu .product__cta_section .product__add_to_cart{width:100%;}/*!sc*/
.hQizZu.small-screen .product__cta_section{padding-top:1rem;}/*!sc*/
.jjqve{border:1px solid transparent;position:relative;display:-webkit-box;display:-webkit-flex;display:-ms-flexbox;display:flex;-webkit-flex-direction:column;-ms-flex-direction:column;flex-direction:column;width:100%;height:100%;padding:0.75rem;}/*!sc*/
@media (min-width:480px){.jjqve:hover{border:1px solid;border-color:var(--colors-colorBorder-tertiary,#E0E0E0);box-shadow:var(--shadows-lg,0px 8px 16px rgba(33,33,33,0.12));border-radius:var(--borderRadius-md,8px);}}/*!sc*/
.jjqve.is-placeholder:hover{border-color:transparent;box-shadow:none;}/*!sc*/
.jjqve .product__link{display:block;}/*!sc*/
.jjqve .product__link:hover,.jjqve .product__link:focus{outline:none;-webkit-text-decoration:underline;text-decoration:underline;}/*!sc*/
.jjqve .show-on-small-screen{display:none;}/*!sc*/
.jjqve .hide-on-small-screen{display:block;}/*!sc*/
.jjqve.small-screen .hide-on-small-screen{display:none;}/*!sc*/
.jjqve.small-screen .placeholder_is-small{display:block;}/*!sc*/
.jjqve.small-screen .product__header{display:-webkit-box;display:-webkit-flex;display:-ms-flexbox;display:flex;-webkit-flex-direction:row;-ms-flex-direction:row;flex-direction:row;}/*!sc*/
.jjqve.small-screen .product__header .product__image_area{-webkit-flex:2;-ms-flex:2;flex:2;margin-right:1rem;}/*!sc*/
.jjqve.small-screen .product__header .product__message-title_area{-webkit-flex:3;-ms-flex:3;flex:3;}/*!sc*/
.jjqve.small-screen .product__pricing_area.show-on-small-screen{display:block;min-height:auto;margin-top:0.5rem;}/*!sc*/
.jjqve:hover .product-tiles-btn{background-color:var(--colors-colorBackground-brand-default,var(--colors-primary-main,#E01A22));color:var(--colors-colorForeground-inverse,var(--colors-common-white,#FFFFFF));border:none;}/*!sc*/
.jjqve:hover .product-tiles-btn svg{color:var(--colors-colorForeground-inverse,var(--colors-common-white,#FFFFFF));}/*!sc*/
.jjqve .product-tiles-btn:hover{background-color:var(--colors-colorBackground-brand-hover,var(--colors-primary-dark,#B9091D));}/*!sc*/
.jjqve .product-tiles-btn:active{background-color:var(--colors-colorBackground-brand-active,#960319);}/*!sc*/
@media (min-width:1200px) and (min-width:0){.jjqve{padding:1rem;}}/*!sc*/
.jjqve .product__header{position:relative;}/*!sc*/
.jjqve .product__header .product__pricing_area{display:none;}/*!sc*/
.jjqve .product__header .product__link:hover .product__title,.jjqve .product__header .product__title_button:hover .product__title,.jjqve .product__header .product__link:focus .product__title,.jjqve .product__header .product__title_button:focus .product__title{-webkit-text-decoration:underline;text-decoration:underline;}/*!sc*/
.jjqve .product__header .product__link:focus .product__title,.jjqve .product__header .product__title_button:focus .product__title{box-shadow:0 0 0 2px var(--colors-colorBorder-inverse,var(--colors-common-white,#FFFFFF)), 0px 0px 0px 0.25rem var(--colors-colorExtended-focusState-default,var(--colors-info-main,#2670EE));}/*!sc*/
.jjqve .product__header .product__link .product__title,.jjqve .product__header .product__title_button .product__title{font-family:var(--typography-body_300_bold-fontFamily,var(--typography-body-fontFamily,"SourceSansPro","Lucida Sans",sans-serif));font-size:var(--typography-body_300_bold-fontSize,1rem);line-height:var(--typography-body_300_bold-lineHeight,1.5rem);font-weight:var(--typography-body_300_bold-fontWeight,600);-webkit-letter-spacing:var(--typography-body_300_bold-letterSpacing,0px);-moz-letter-spacing:var(--typography-body_300_bold-letterSpacing,0px);-ms-letter-spacing:var(--typography-body_300_bold-letterSpacing,0px);letter-spacing:var(--typography-body_300_bold-letterSpacing,0px);font-style:var(--typography-body_300_bold-fontStyle,normal);color:var(--colors-colorForeground-primary,var(--colors-text-primary,#212121));}/*!sc*/
@media (min-width:480px){.jjqve .product__header .product__link .product__title,.jjqve .product__header .product__title_button .product__title{min-height:4.5rem;}}/*!sc*/
.jjqve .product__header .product__title_button{cursor:pointer;padding-top:1.5rem;}/*!sc*/
.jjqve .product__header .product__image_area{margin-bottom:0.5rem;}/*!sc*/
.jjqve .product__header .product__image_area .product__image.product__image_button{cursor:pointer;}/*!sc*/
.jjqve .product__header .product__image_area .product__link{display:-webkit-box;display:-webkit-flex;display:-ms-flexbox;display:flex;-webkit-box-pack:center;-webkit-justify-content:center;-ms-flex-pack:center;justify-content:center;padding:2rem 0 0;}/*!sc*/
.jjqve .product__header .product__image_area .product__link > *{border:1px solid transparent;}/*!sc*/
.jjqve .product__header .product__image_area .product__link > *:hover{border:1px solid var(--colors-colorBorder-primary,#212121);}/*!sc*/
.jjqve .product__header .product__image_area .product__link:focus > *{box-shadow:0 0 0 2px var(--colors-colorBorder-inverse,var(--colors-common-white,#FFFFFF)), 0px 0px 0px 0.25rem var(--colors-colorExtended-focusState-default,var(--colors-info-main,#2670EE));}/*!sc*/
@media (min-width:768px) and (max-width:1199px){.jjqve .product__header .product__image_area .product__link{padding:0.5rem 0.5rem 0;}}/*!sc*/
@media (min-width:1200px) and (min-width:0){.jjqve .product__header .product__image_area .product__link{padding:0.5rem 0.5rem 0;}}/*!sc*/
.jjqve .product__header .product__message-title_area .product__badge{position:absolute;top:0;left:0;z-index:1;}/*!sc*/
.jjqve .product__header .product__message-title_area .product__top_messaging{position:absolute;display:-webkit-box;display:-webkit-flex;display:-ms-flexbox;display:flex;-webkit-flex-wrap:nowrap;-ms-flex-wrap:nowrap;flex-wrap:nowrap;overflow-x:hidden;margin-bottom:0.25rem;}/*!sc*/
@media (min-width:1200px) and (min-width:0){.jjqve .product__header .product__message-title_area .product__top_messaging{overflow-x:visible;}}/*!sc*/
.jjqve .product__header .product__message-title_area .product__top_messaging .product__top_messaging__item{-webkit-flex:none;-ms-flex:none;flex:none;font-family:var(--typography-body_200-fontFamily,var(--typography-body-fontFamily,"SourceSansPro","Lucida Sans",sans-serif));font-size:var(--typography-body_200-fontSize,0.875rem);line-height:var(--typography-body_200-lineHeight,1.25rem);font-weight:var(--typography-body_200-fontWeight,400);-webkit-letter-spacing:var(--typography-body_200-letterSpacing,0.16px);-moz-letter-spacing:var(--typography-body_200-letterSpacing,0.16px);-ms-letter-spacing:var(--typography-body_200-letterSpacing,0.16px);letter-spacing:var(--typography-body_200-letterSpacing,0.16px);font-style:var(--typography-body_200-fontStyle,normal);color:var(--colors-colorForeground-secondary,#6F6F6F);}/*!sc*/
.jjqve .product__header .product__message-title_area .product__top_messaging .product__top_messaging__item:not(:first-child):before{content:' \2022';margin-left:0.25rem;margin-right:0.25rem;}/*!sc*/
.jjqve .product__header .product__message-title_area .product__link{padding-top:1.5rem;}/*!sc*/
@media (min-width:1200px) and (min-width:0){.jjqve .product__pricing_area .product__pricing{margin-bottom:0.5rem;}}/*!sc*/
.jjqve .product__rating_area{margin-bottom:0.75rem;}/*!sc*/
.jjqve .product__offers_description{display:-webkit-box;display:-webkit-flex;display:-ms-flexbox;display:flex;-webkit-flex-direction:column;-ms-flex-direction:column;flex-direction:column;}/*!sc*/
@media (min-width:768px) and (max-width:1199px){}/*!sc*/
.jjqve .product__offers_description > *{margin-bottom:0.25rem;}/*!sc*/
.jjqve .product__offers_description > *:last-child{margin-bottom:0px;}/*!sc*/
.jjqve .product__offers_description .product_promotion.flybuys{color:var(--colors-colorExtended-flybuys,#047CC2);font-family:var(--typography-body_200_bold-fontFamily,var(--typography-body-fontFamily,"SourceSansPro","Lucida Sans",sans-serif));font-size:var(--typography-body_200_bold-fontSize,0.875rem);line-height:var(--typography-body_200_bold-lineHeight,1.25rem);font-weight:var(--typography-body_200_bold-fontWeight,600);-webkit-letter-spacing:var(--typography-body_200_bold-letterSpacing,0.16px);-moz-letter-spacing:var(--typography-body_200_bold-letterSpacing,0.16px);-ms-letter-spacing:var(--typography-body_200_bold-letterSpacing,0.16px);letter-spacing:var(--typography-body_200_bold-letterSpacing,0.16px);font-style:var(--typography-body_200_bold-fontStyle,normal);}/*!sc*/
.jjqve .product__offers_description .product_promotion.complex{color:var(--colors-colorForeground-primary,var(--colors-text-primary,#212121));font-family:var(--typography-body_200-fontFamily,var(--typography-body-fontFamily,"SourceSansPro","Lucida Sans",sans-serif));font-size:var(--typography-body_200-fontSize,0.875rem);line-height:var(--typography-body_200-lineHeight,1.25rem);font-weight:var(--typography-body_200-fontWeight,400);-webkit-letter-spacing:var(--typography-body_200-letterSpacing,0.16px);-moz-letter-spacing:var(--typography-body_200-letterSpacing,0.16px);-ms-letter-spacing:var(--typography-body_200-letterSpacing,0.16px);letter-spacing:var(--typography-body_200-letterSpacing,0.16px);font-style:var(--typography-body_200-fontStyle,normal);}/*!sc*/
.jjqve .product__short_description{font-family:var(--typography-body_100-fontFamily,var(--typography-body-fontFamily,"SourceSansPro","Lucida Sans",sans-serif));font-size:var(--typography-body_100-fontSize,0.75rem);line-height:var(--typography-body_100-lineHeight,1rem);font-weight:var(--typography-body_100-fontWeight,400);-webkit-letter-spacing:var(--typography-body_100-letterSpacing,0.32px);-moz-letter-spacing:var(--typography-body_100-letterSpacing,0.32px);-ms-letter-spacing:var(--typography-body_100-letterSpacing,0.32px);letter-spacing:var(--typography-body_100-letterSpacing,0.32px);font-style:var(--typography-body_100-fontStyle,normal);color:var(--colors-colorForeground-secondary,#6F6F6F);}/*!sc*/
.jjqve .unavailable-container{position:relative;white-space:nowrap;}/*!sc*/
.jjqve .unavailable-container .similar-product-unavailable{padding-bottom:0.5rem;}/*!sc*/
@media (min-width:1200px){.jjqve .unavailable-container .similar-product-unavailable{padding-bottom:0;position:absolute;top:1.25rem;}}/*!sc*/
.jjqve .product__cta_section{height:100%;display:-webkit-box;display:-webkit-flex;display:-ms-flexbox;display:flex;-webkit-flex-direction:column;-ms-flex-direction:column;flex-direction:column;-webkit-box-pack:justify;-webkit-justify-content:space-between;-ms-flex-pack:justify;justify-content:space-between;padding-top:0.5rem;}/*!sc*/
.jjqve .product__cta_section .product__link{color:var(--colors-colorForeground-brand,var(--colors-primary-main,#E01A22));-webkit-text-decoration:underline;text-decoration:underline;}/*!sc*/
.jjqve .product__cta_section .product__add_to_cart{width:100%;}/*!sc*/
.jjqve.small-screen .product__cta_section{padding-top:1rem;}/*!sc*/
data-styled.g307[id="sc-94249bad-8"]{content:"joBIZU,hQizZu,jjqve,"}/*!sc*/
.iHToZU{margin-top:0.25rem;}/*!sc*/
data-styled.g310[id="sc-94249bad-11"]{content:"iHToZU,"}/*!sc*/
.BfoYV{width:-webkit-fit-content;width:-moz-fit-content;width:fit-content;border:1px solid var(--colors-colorExtended-specials-default,#FEDC02);border-radius:var(--borderRadius-sm,4px);background-color:var(--colors-colorBackground-tertiary,#FEFAF0);margin-top:1.5rem;padding:0.5rem;}/*!sc*/
@media (min-width:768px){.BfoYV{margin-top:0.5rem;}}/*!sc*/
data-styled.g315[id="sc-94249bad-16"]{content:"BfoYV,"}/*!sc*/
.khMxyt{cursor:pointer;}/*!sc*/
data-styled.g320[id="sc-94249bad-21"]{content:"khMxyt,"}/*!sc*/
.kJRZNZ{display:-webkit-inline-box;display:-webkit-inline-flex;display:-ms-inline-flexbox;display:inline-flex;width:100%;-webkit-align-items:center;-webkit-box-align:center;-ms-flex-align:center;align-items:center;}/*!sc*/
.kJRZNZ .minus-btn,.kJRZNZ .plus-btn{width:1.5rem;height:1.5rem;padding:0.125rem;}/*!sc*/
.kJRZNZ .product-tiles-btn,.kJRZNZ .pdp-btn{height:2.5rem;display:-webkit-box;display:-webkit-flex;display:-ms-flexbox;display:flex;-webkit-box-pack:center;-webkit-justify-content:center;-ms-flex-pack:center;justify-content:center;width:100%;}/*!sc*/
.kJRZNZ .quantity-input-wrapper{display:-webkit-box;display:-webkit-flex;display:-ms-flexbox;display:flex;-webkit-align-items:center;-webkit-box-align:center;-ms-flex-align:center;align-items:center;min-width:0;}/*!sc*/
.kJRZNZ .product-tiles-btn{background-color:var(--colors-colorBackground-primary-default,var(--colors-background-default,#FFFFFF));border:1px solid var(--colors-colorBorder-tertiary,#E0E0E0);color:var(--colors-colorForeground-primary,var(--colors-text-primary,#212121));}/*!sc*/
.kJRZNZ .product-tiles-btn svg{color:var(--colors-colorForeground-primary,var(--colors-text-primary,#212121));}/*!sc*/
.kJRZNZ .product-tiles-btn:hover{background-color:var(--colors-colorBackground-brand-default,var(--colors-primary-main,#E01A22));border-color:var(--colors-colorBackground-brand-default,var(--colors-primary-main,#E01A22));color:var(--colors-colorForeground-inverse,var(--colors-common-white,#FFFFFF));}/*!sc*/
.kJRZNZ .product-tiles-btn:hover svg{color:var(--colors-colorForeground-inverse,var(--colors-common-white,#FFFFFF));}/*!sc*/
.kJRZNZ .toggler-wrapper{position:relative;display:-webkit-box;display:-webkit-flex;display:-ms-flexbox;display:flex;-webkit-box-pack:justify;-webkit-justify-content:space-between;-ms-flex-pack:justify;justify-content:space-between;-webkit-align-items:center;-webkit-box-align:center;-ms-flex-align:center;align-items:center;width:100%;border:1px solid var(--colors-colorBorder-tertiary,#E0E0E0);border-radius:var(--borderRadius-round,9999px);padding:0.25rem 0.5rem;}/*!sc*/
.kJRZNZ .toggler-wrapper .loader-wrapper{width:33%;display:-webkit-box;display:-webkit-flex;display:-ms-flexbox;display:flex;-webkit-box-pack:center;-webkit-justify-content:center;-ms-flex-pack:center;justify-content:center;background-color:var(--colors-colorBackground-primary-default,var(--colors-background-default,#FFFFFF));position:absolute;left:50%;-webkit-transform:translate(-50%);-ms-transform:translate(-50%);transform:translate(-50%);z-index:1;}/*!sc*/
.kJRZNZ .toggler-wrapper:focus{box-shadow:0 0 0 2px var(--colors-colorExtended-focusState-default,var(--colors-info-main,#2670EE));}/*!sc*/
data-styled.g321[id="sc-fa03433-0"]{content:"kJRZNZ,"}/*!sc*/
.irGhqP{border:0 !important;display:-webkit-box;display:-webkit-flex;display:-ms-flexbox;display:flex;}/*!sc*/
data-styled.g325[id="sc-51f151be-0"]{content:"irGhqP,"}/*!sc*/
.jEONlN{color:var(--colors-colorForeground-primary,var(--colors-text-primary,#212121));}/*!sc*/
.jEONlN:hover{cursor:pointer;}/*!sc*/
data-styled.g327[id="sc-b5a96ce8-1"]{content:"jEONlN,"}/*!sc*/
.jowmFP .price__calculation_method{margin-top:0.25rem;font-family:var(--typography-body_100-fontFamily,var(--typography-body-fontFamily,"SourceSansPro","Lucida Sans",sans-serif));font-size:var(--typography-body_100-fontSize,0.75rem);line-height:var(--typography-body_100-lineHeight,1rem);font-weight:var(--typography-body_100-fontWeight,400);-webkit-letter-spacing:var(--typography-body_100-letterSpacing,0.32px);-moz-letter-spacing:var(--typography-body_100-letterSpacing,0.32px);-ms-letter-spacing:var(--typography-body_100-letterSpacing,0.32px);letter-spacing:var(--typography-body_100-letterSpacing,0.32px);font-style:var(--typography-body_100-fontStyle,normal);color:var(--colors-colorForeground-primary,var(--colors-text-primary,#212121));}/*!sc*/
data-styled.g328[id="sc-79c0c972-0"]{content:"jowmFP,"}/*!sc*/
.lcJbEb{display:-webkit-box;display:-webkit-flex;display:-ms-flexbox;display:flex;-webkit-flex-direction:column;-ms-flex-direction:column;flex-direction:column;margin-bottom:0.25rem;}/*!sc*/
.lcJbEb > .price{display:-webkit-box;display:-webkit-flex;display:-ms-flexbox;display:flex;-webkit-flex-wrap:wrap;-ms-flex-wrap:wrap;flex-wrap:wrap;-webkit-align-items:center;-webkit-box-align:center;-ms-flex-align:center;align-items:center;margin-bottom:4px;}/*!sc*/
.lcJbEb > .price > .price__value{font-family:var(--typography-heading_500-fontFamily,var(--typography-heading-fontFamily,"AvantGardeGothic",Arial,sans-serif));font-size:var(--typography-heading_500-fontSize,1.25rem);line-height:var(--typography-heading_500-lineHeight,1.75rem);font-weight:var(--typography-heading_500-fontWeight,700);-webkit-letter-spacing:var(--typography-heading_500-letterSpacing,0px);-moz-letter-spacing:var(--typography-heading_500-letterSpacing,0px);-ms-letter-spacing:var(--typography-heading_500-letterSpacing,0px);letter-spacing:var(--typography-heading_500-letterSpacing,0px);font-style:var(--typography-heading_500-fontStyle,normal);margin-right:8px;}/*!sc*/
.lcJbEb .price__calculation_method__description{font-family:var(--typography-body_100-fontFamily,var(--typography-body-fontFamily,"SourceSansPro","Lucida Sans",sans-serif));font-size:var(--typography-body_100-fontSize,0.75rem);line-height:var(--typography-body_100-lineHeight,1rem);font-weight:var(--typography-body_100-fontWeight,400);-webkit-letter-spacing:var(--typography-body_100-letterSpacing,0.32px);-moz-letter-spacing:var(--typography-body_100-letterSpacing,0.32px);-ms-letter-spacing:var(--typography-body_100-letterSpacing,0.32px);letter-spacing:var(--typography-body_100-letterSpacing,0.32px);font-style:var(--typography-body_100-fontStyle,normal);color:var(--colors-colorForeground-primary,var(--colors-text-primary,#212121));}/*!sc*/
.lcJbEb .price__promotional-badge{font-family:var(--typography-body_100_bold-fontFamily,var(--typography-body-fontFamily,"SourceSansPro","Lucida Sans",sans-serif));font-size:var(--typography-body_100_bold-fontSize,0.75rem);line-height:var(--typography-body_100_bold-lineHeight,1rem);font-weight:var(--typography-body_100_bold-fontWeight,600);-webkit-letter-spacing:var(--typography-body_100_bold-letterSpacing,0.32px);-moz-letter-spacing:var(--typography-body_100_bold-letterSpacing,0.32px);-ms-letter-spacing:var(--typography-body_100_bold-letterSpacing,0.32px);letter-spacing:var(--typography-body_100_bold-letterSpacing,0.32px);font-style:var(--typography-body_100_bold-fontStyle,normal);color:var(--colors-colorForeground-primary,var(--colors-text-primary,#212121));}/*!sc*/
.lcJbEb > .price__dropped_locked{font-family:var(--typography-body_200_bold-fontFamily,var(--typography-body-fontFamily,"SourceSansPro","Lucida Sans",sans-serif));font-size:var(--typography-body_200_bold-fontSize,0.875rem);line-height:var(--typography-body_200_bold-lineHeight,1.25rem);font-weight:var(--typography-body_200_bold-fontWeight,600);-webkit-letter-spacing:var(--typography-body_200_bold-letterSpacing,0.16px);-moz-letter-spacing:var(--typography-body_200_bold-letterSpacing,0.16px);-ms-letter-spacing:var(--typography-body_200_bold-letterSpacing,0.16px);letter-spacing:var(--typography-body_200_bold-letterSpacing,0.16px);font-style:var(--typography-body_200_bold-fontStyle,normal);color:var(--colors-colorForeground-primary,var(--colors-text-primary,#212121));}/*!sc*/
data-styled.g329[id="sc-5fbea9b3-0"]{content:"lcJbEb,"}/*!sc*/
.iTynCB{font-family:var(--typography-body_100_bold-fontFamily,var(--typography-body-fontFamily,"SourceSansPro","Lucida Sans",sans-serif));font-size:var(--typography-body_100_bold-fontSize,0.75rem);line-height:var(--typography-body_100_bold-lineHeight,1rem);font-weight:var(--typography-body_100_bold-fontWeight,600);-webkit-letter-spacing:var(--typography-body_100_bold-letterSpacing,0.32px);-moz-letter-spacing:var(--typography-body_100_bold-letterSpacing,0.32px);-ms-letter-spacing:var(--typography-body_100_bold-letterSpacing,0.32px);letter-spacing:var(--typography-body_100_bold-letterSpacing,0.32px);font-style:var(--typography-body_100_bold-fontStyle,normal);display:-webkit-box;display:-webkit-flex;display:-ms-flexbox;display:flex;}/*!sc*/
@media (max-width:1023px){.iTynCB{-webkit-flex-direction:column;-ms-flex-direction:column;flex-direction:column;-webkit-align-items:flex-end;-webkit-box-align:flex-end;-ms-flex-align:flex-end;align-items:flex-end;}}/*!sc*/
.iTynCB > .promotion__pill{font-family:var(--typography-body_100_bold-fontFamily,var(--typography-body-fontFamily,"SourceSansPro","Lucida Sans",sans-serif));font-size:var(--typography-body_100_bold-fontSize,0.75rem);line-height:var(--typography-body_100_bold-lineHeight,1rem);font-weight:var(--typography-body_100_bold-fontWeight,600);-webkit-letter-spacing:var(--typography-body_100_bold-letterSpacing,0.32px);-moz-letter-spacing:var(--typography-body_100_bold-letterSpacing,0.32px);-ms-letter-spacing:var(--typography-body_100_bold-letterSpacing,0.32px);letter-spacing:var(--typography-body_100_bold-letterSpacing,0.32px);font-style:var(--typography-body_100_bold-fontStyle,normal);margin-left:0.25rem;font-size:0.75rem;line-height:1rem;padding-left:0.5rem;padding-right:0.5rem;}/*!sc*/
@media (max-width:1023px){.iTynCB > .promotion__pill{margin-top:0.25rem;margin-left:0;}}/*!sc*/
data-styled.g330[id="sc-5fbea9b3-1"]{content:"iTynCB,"}/*!sc*/
.hnyfJP{display:-webkit-box;display:-webkit-flex;display:-ms-flexbox;display:flex;-webkit-box-pack:start;-webkit-justify-content:flex-start;-ms-flex-pack:start;justify-content:flex-start;-webkit-align-items:center;-webkit-box-align:center;-ms-flex-align:center;align-items:center;width:100%;}/*!sc*/
.hnyfJP button{width:100%;white-space:nowrap;}/*!sc*/
.hnyfJP .coles-targeting-LoadingSpinnerSpinner{margin-left:0.25rem;}/*!sc*/
.hnyfJP .coles-targeting-LoadingSpinnerWrapper{display:-webkit-box;display:-webkit-flex;display:-ms-flexbox;display:flex;-webkit-box-pack:center;-webkit-justify-content:center;-ms-flex-pack:center;justify-content:center;-webkit-align-items:center;-webkit-box-align:center;-ms-flex-align:center;align-items:center;}/*!sc*/
.hnyfJP .coles-targeting-LoadingSpinnerWrapper > svg{color:inherit;}/*!sc*/
.hnyfJP .sc-a0db9fcc-0{padding:0;font-size:inherit;}/*!sc*/
data-styled.g331[id="sc-a8456285-0"]{content:"hnyfJP,"}/*!sc*/
@media (max-width:479px){.bDeJHl{margin:0 -0.5rem;}}/*!sc*/
data-styled.g389[id="sc-f4dc28ca-0"]{content:"bDeJHl,"}/*!sc*/
.isAxjV{display:-webkit-box;display:-webkit-flex;display:-ms-flexbox;display:flex;-webkit-flex-wrap:wrap;-ms-flex-wrap:wrap;flex-wrap:wrap;-webkit-align-items:center;-webkit-box-align:center;-ms-flex-align:center;align-items:center;-webkit-box-pack:center;-webkit-justify-content:center;-ms-flex-pack:center;justify-content:center;gap:0.5rem;padding:0;margin:0;list-style:none;}/*!sc*/
@media (max-width:479px){.isAxjV{gap:0.125rem;}}/*!sc*/
data-styled.g390[id="sc-f4dc28ca-1"]{content:"isAxjV,"}/*!sc*/
.cOYgJV{border:0px;}/*!sc*/
.cOYgJV:focus{z-index:1;outline-color:transparent;box-shadow:0 0 0 2px var(--colors-colorBorder-inverse,var(--colors-common-white,#FFFFFF)), 0 0 0 4px var(--colors-colorExtended-focusState-default,var(--colors-info-main,#2670EE));}/*!sc*/
data-styled.g392[id="sc-f4dc28ca-3"]{content:"cOYgJV,"}/*!sc*/
.jBWvok{margin:0;}/*!sc*/
.jBWvok.MuiPaginationItem-page{font-family:var(--typography-body_300-fontFamily,var(--typography-body-fontFamily,"SourceSansPro","Lucida Sans",sans-serif));font-size:var(--typography-body_300-fontSize,1rem);line-height:var(--typography-body_300-lineHeight,1.5rem);font-weight:var(--typography-body_300-fontWeight,400);-webkit-letter-spacing:var(--typography-body_300-letterSpacing,0px);-moz-letter-spacing:var(--typography-body_300-letterSpacing,0px);-ms-letter-spacing:var(--typography-body_300-letterSpacing,0px);letter-spacing:var(--typography-body_300-letterSpacing,0px);font-style:var(--typography-body_300-fontStyle,normal);color:var(--colors-colorForeground-primary,var(--colors-text-primary,#212121));height:2.5rem;width:2.5rem;border:0;border-radius:var(--borderRadius-round,9999px);display:-webkit-box;display:-webkit-flex;display:-ms-flexbox;display:flex;-webkit-align-items:center;-webkit-box-align:center;-ms-flex-align:center;align-items:center;-webkit-box-pack:center;-webkit-justify-content:center;-ms-flex-pack:center;justify-content:center;}/*!sc*/
.jBWvok.MuiPaginationItem-page:focus,.jBWvok.MuiPaginationItem-page.Mui-focusVisible:focus{z-index:1;outline-color:transparent;box-shadow:0 0 0 2px var(--colors-colorBorder-inverse,var(--colors-common-white,#FFFFFF)), 0 0 0 4px var(--colors-colorExtended-focusState-default,var(--colors-info-main,#2670EE));}/*!sc*/
.jBWvok.MuiPaginationItem-page.Mui-focusVisible{background:none;font-family:var(--typography-body_300_bold-fontFamily,var(--typography-body-fontFamily,"SourceSansPro","Lucida Sans",sans-serif));font-size:var(--typography-body_300_bold-fontSize,1rem);line-height:var(--typography-body_300_bold-lineHeight,1.5rem);font-weight:var(--typography-body_300_bold-fontWeight,600);-webkit-letter-spacing:var(--typography-body_300_bold-letterSpacing,0px);-moz-letter-spacing:var(--typography-body_300_bold-letterSpacing,0px);-ms-letter-spacing:var(--typography-body_300_bold-letterSpacing,0px);letter-spacing:var(--typography-body_300_bold-letterSpacing,0px);font-style:var(--typography-body_300_bold-fontStyle,normal);}/*!sc*/
.jBWvok.MuiPaginationItem-page.Mui-selected,.jBWvok.MuiPaginationItem-page.Mui-selected.Mui-focusVisible{background-color:var(--colors-colorBackground-inverse-default,#212121);color:var(--colors-colorForeground-inverse,var(--colors-common-white,#FFFFFF));font-family:var(--typography-body_300_bold-fontFamily,var(--typography-body-fontFamily,"SourceSansPro","Lucida Sans",sans-serif));font-size:var(--typography-body_300_bold-fontSize,1rem);line-height:var(--typography-body_300_bold-lineHeight,1.5rem);font-weight:var(--typography-body_300_bold-fontWeight,600);-webkit-letter-spacing:var(--typography-body_300_bold-letterSpacing,0px);-moz-letter-spacing:var(--typography-body_300_bold-letterSpacing,0px);-ms-letter-spacing:var(--typography-body_300_bold-letterSpacing,0px);letter-spacing:var(--typography-body_300_bold-letterSpacing,0px);font-style:var(--typography-body_300_bold-fontStyle,normal);}/*!sc*/
.jBWvok.MuiPaginationItem-page.Mui-selected:focus,.jBWvok.MuiPaginationItem-page.Mui-selected.Mui-focusVisible:focus{z-index:1;outline-color:transparent;box-shadow:0 0 0 2px var(--colors-colorBorder-inverse,var(--colors-common-white,#FFFFFF)), 0 0 0 4px var(--colors-colorExtended-focusState-default,var(--colors-info-main,#2670EE));}/*!sc*/
.jBWvok.MuiPaginationItem-page.Mui-selected .MuiTouchRipple-root,.jBWvok.MuiPaginationItem-page.Mui-selected.Mui-focusVisible .MuiTouchRipple-root{display:none;}/*!sc*/
.jBWvok.MuiPaginationItem-page:hover{background-color:var(--colors-colorBackground-secondary-default,#F5F5F5);color:var(--colors-colorForeground-primary,var(--colors-text-primary,#212121));font-family:var(--typography-body_300_bold-fontFamily,var(--typography-body-fontFamily,"SourceSansPro","Lucida Sans",sans-serif));font-size:var(--typography-body_300_bold-fontSize,1rem);line-height:var(--typography-body_300_bold-lineHeight,1.5rem);font-weight:var(--typography-body_300_bold-fontWeight,600);-webkit-letter-spacing:var(--typography-body_300_bold-letterSpacing,0px);-moz-letter-spacing:var(--typography-body_300_bold-letterSpacing,0px);-ms-letter-spacing:var(--typography-body_300_bold-letterSpacing,0px);letter-spacing:var(--typography-body_300_bold-letterSpacing,0px);font-style:var(--typography-body_300_bold-fontStyle,normal);}/*!sc*/
.jBWvok.MuiPaginationItem-page.Mui-selected:hover{background-color:var(--colors-colorBackground-inverse-default,#212121);color:var(--colors-colorForeground-inverse,var(--colors-common-white,#FFFFFF));font-family:var(--typography-body_300_bold-fontFamily,var(--typography-body-fontFamily,"SourceSansPro","Lucida Sans",sans-serif));font-size:var(--typography-body_300_bold-fontSize,1rem);line-height:var(--typography-body_300_bold-lineHeight,1.5rem);font-weight:var(--typography-body_300_bold-fontWeight,600);-webkit-letter-spacing:var(--typography-body_300_bold-letterSpacing,0px);-moz-letter-spacing:var(--typography-body_300_bold-letterSpacing,0px);-ms-letter-spacing:var(--typography-body_300_bold-letterSpacing,0px);letter-spacing:var(--typography-body_300_bold-letterSpacing,0px);font-style:var(--typography-body_300_bold-fontStyle,normal);}/*!sc*/
data-styled.g393[id="sc-f4dc28ca-4"]{content:"jBWvok,"}/*!sc*/
.fNDACB{width:280px;display:-webkit-box;display:-webkit-flex;display:-ms-flexbox;display:flex;-webkit-box-pack:end;-webkit-justify-content:flex-end;-ms-flex-pack:end;justify-content:flex-end;position:relative;}/*!sc*/
@media (max-width:1023px){.fNDACB{display:none;}}/*!sc*/
.fNDACB .MuiFormControl-root{border-radius:var(--borderRadius-round,9999px);padding:0 8px;}/*!sc*/
.fNDACB .MuiFormControl-root:hover{background-color:var(--colors-colorBackground-primary-hover,#F5F5F5);}/*!sc*/
.fNDACB .MuiFormControl-root:focus-within{box-shadow:0 0 0 2px var(--colors-colorExtended-focusState-default,var(--colors-info-main,#2670EE));}/*!sc*/
.fNDACB .MuiSelect-select{font-family:var(--typography-body_200_bold-fontFamily,var(--typography-body-fontFamily,"SourceSansPro","Lucida Sans",sans-serif));font-size:var(--typography-body_200_bold-fontSize,0.875rem);line-height:var(--typography-body_200_bold-lineHeight,1.25rem);font-weight:var(--typography-body_200_bold-fontWeight,600);-webkit-letter-spacing:var(--typography-body_200_bold-letterSpacing,0.16px);-moz-letter-spacing:var(--typography-body_200_bold-letterSpacing,0.16px);-ms-letter-spacing:var(--typography-body_200_bold-letterSpacing,0.16px);letter-spacing:var(--typography-body_200_bold-letterSpacing,0.16px);font-style:var(--typography-body_200_bold-fontStyle,normal);color:var(--colors-colorForeground-primary,var(--colors-text-primary,#212121));padding:6px 22px 6px 0;white-space:normal;}/*!sc*/
.fNDACB .MuiSelect-select:after{display:none;}/*!sc*/
.fNDACB .MuiSelect-select > svg{display:none;}/*!sc*/
.fNDACB .MuiSelect-select:focus{background-color:transparent;}/*!sc*/
.fNDACB .MuiInput-underline:before,.fNDACB .MuiInput-underline:after{display:none;}/*!sc*/
.fNDACB .MuiSelect-icon{color:var(--colors-colorForeground-primary,var(--colors-text-primary,#212121));width:20px;top:calc(50% - 0.75rem);}/*!sc*/
.fNDACB .MuiSelect-iconOpen{-webkit-transform:none;-ms-transform:none;transform:none;}/*!sc*/
data-styled.g402[id="sc-ad6c3e0f-0"]{content:"fNDACB,"}/*!sc*/
.hfPoqF{position:relative;height:3rem;width:100%;}/*!sc*/
@media (max-width:767px){.hfPoqF{display:none;}}/*!sc*/
.hfPoqF .search-button{position:absolute;top:0.3125rem;right:0.5rem;}/*!sc*/
.hfPoqF .search-box-trigger{margin-top:0;background-color:var(--colors-colorBackground-secondary-default,#F5F5F5);padding-left:1.5rem;border-radius:var(--borderRadius-round,9999px);}/*!sc*/
.hfPoqF .search-box-trigger.Mui-focused{border-color:var(--colors-colorFeedback-guidance-primary,var(--colors-info-main,#2670EE));border-width:2px;border-radius:var(--borderRadius-round,9999px);}/*!sc*/
.hfPoqF .search-box-trigger:hover,.hfPoqF .search-box-trigger:active{background-color:var(--colors-colorBackground-primary-default,var(--colors-background-default,#FFFFFF));}/*!sc*/
.hfPoqF .search-box-trigger input::-webkit-input-placeholder{color:var(--colors-colorForeground-primary,var(--colors-text-primary,#212121));opacity:1;}/*!sc*/
.hfPoqF .search-box-trigger input::-moz-placeholder{color:var(--colors-colorForeground-primary,var(--colors-text-primary,#212121));opacity:1;}/*!sc*/
.hfPoqF .search-box-trigger input:-ms-input-placeholder{color:var(--colors-colorForeground-primary,var(--colors-text-primary,#212121));opacity:1;}/*!sc*/
.hfPoqF .search-box-trigger input::placeholder{color:var(--colors-colorForeground-primary,var(--colors-text-primary,#212121));opacity:1;}/*!sc*/
.hfPoqF .search-box-trigger input{padding-right:20px;}/*!sc*/
.hfPoqF label{-webkit-clip:rect(0 0 0 0);clip:rect(0 0 0 0);-webkit-clip-path:inset(50%);clip-path:inset(50%);height:0.0625rem;overflow:hidden;position:absolute;white-space:nowrap;width:0.0625rem;}/*!sc*/
data-styled.g461[id="sc-b232d4b1-0"]{content:"hfPoqF,"}/*!sc*/
.kIaPME{z-index:2;background:transparent;}/*!sc*/
.kIaPME:disabled,.kIaPME:hover:disabled,.kIaPME:focus:disabled{background:transparent;opacity:1;cursor:default;}/*!sc*/
data-styled.g462[id="sc-b232d4b1-1"]{content:"kIaPME,"}/*!sc*/
.lhIuUR > div{height:100%;}/*!sc*/
data-styled.g521[id="sc-6c6b8071-0"]{content:"lhIuUR,"}/*!sc*/
.gdBZRm{font-family:var(--typography-body_200_bold-fontFamily,var(--typography-body-fontFamily,"SourceSansPro","Lucida Sans",sans-serif));font-size:var(--typography-body_200_bold-fontSize,0.875rem);line-height:var(--typography-body_200_bold-lineHeight,1.25rem);font-weight:var(--typography-body_200_bold-fontWeight,600);-webkit-letter-spacing:var(--typography-body_200_bold-letterSpacing,0.16px);-moz-letter-spacing:var(--typography-body_200_bold-letterSpacing,0.16px);-ms-letter-spacing:var(--typography-body_200_bold-letterSpacing,0.16px);letter-spacing:var(--typography-body_200_bold-letterSpacing,0.16px);font-style:var(--typography-body_200_bold-fontStyle,normal);color:var(--colors-colorForeground-primary,var(--colors-text-primary,#212121));display:-webkit-box;display:-webkit-flex;display:-ms-flexbox;display:flex;-webkit-box-pack:center;-webkit-justify-content:center;-ms-flex-pack:center;justify-content:center;-webkit-align-items:center;-webkit-box-align:center;-ms-flex-align:center;align-items:center;border-top-left-radius:var(--borderRadius-md,8px);border-top-right-radius:var(--borderRadius-md,8px);min-height:1.5rem;margin-top:-0.75rem;margin-left:-0.8125rem;margin-right:-0.8125rem;}/*!sc*/
@media (min-width:1200px){.gdBZRm{margin-top:-1rem;margin-left:-1rem;margin-right:-1rem;}}/*!sc*/
.gdBZRm.is-special{background-color:var(--colors-colorExtended-specials-default,#FEDC02);}/*!sc*/
data-styled.g522[id="sc-500ab215-0"]{content:"gdBZRm,"}/*!sc*/
@media (prefers-reduced-motion){.hsgNKe .MuiPaper-root{-webkit-transition:none !important;transition:none !important;}}/*!sc*/
data-styled.g601[id="sc-eb866605-0"]{content:"hsgNKe,"}/*!sc*/
.hibNzQ{max-width:1440px;margin:0 auto;padding:0 1.5rem;}/*!sc*/
@media (min-width:1024px){.hibNzQ{padding:0 2rem;}}/*!sc*/
@media (min-width:1200px){.hibNzQ{padding:0 3rem;}}/*!sc*/
.hibNzQ::before{content:'';width:100%;position:absolute;left:0;border-top:1px solid var(--colors-colorBorder-tertiary,#E0E0E0);}/*!sc*/
.hibNzQ h1{font-family:var(--typography-heading_500-fontFamily,var(--typography-heading-fontFamily,"AvantGardeGothic",Arial,sans-serif));font-size:var(--typography-heading_500-fontSize,1.25rem);line-height:var(--typography-heading_500-lineHeight,1.75rem);font-weight:var(--typography-heading_500-fontWeight,700);-webkit-letter-spacing:var(--typography-heading_500-letterSpacing,0px);-moz-letter-spacing:var(--typography-heading_500-letterSpacing,0px);-ms-letter-spacing:var(--typography-heading_500-letterSpacing,0px);letter-spacing:var(--typography-heading_500-letterSpacing,0px);font-style:var(--typography-heading_500-fontStyle,normal);padding-top:32px;}/*!sc*/
@media (min-width:1200px){.hibNzQ h1{padding-top:48px;}}/*!sc*/
.hibNzQ h2,.hibNzQ h3{font-family:var(--typography-heading_300-fontFamily,var(--typography-heading-fontFamily,"AvantGardeGothic",Arial,sans-serif));font-size:var(--typography-heading_300-fontSize,1rem);line-height:var(--typography-heading_300-lineHeight,1.5rem);font-weight:var(--typography-heading_300-fontWeight,700);-webkit-letter-spacing:var(--typography-heading_300-letterSpacing,0px);-moz-letter-spacing:var(--typography-heading_300-letterSpacing,0px);-ms-letter-spacing:var(--typography-heading_300-letterSpacing,0px);letter-spacing:var(--typography-heading_300-letterSpacing,0px);font-style:var(--typography-heading_300-fontStyle,normal);padding-bottom:16px;}/*!sc*/
data-styled.g637[id="sc-a376814c-0"]{content:"hibNzQ,"}/*!sc*/
@media (min-width:1200px){.kmDMmy{display:grid;grid-template-columns:3fr 1fr;}}/*!sc*/
data-styled.g638[id="sc-a376814c-1"]{content:"kmDMmy,"}/*!sc*/
.bDSTKE{padding:32px 0;}/*!sc*/
.bDSTKE ul.coles-links,.bDSTKE ul.footer-menu-list{display:-webkit-box;display:-webkit-flex;display:-ms-flexbox;display:flex;-webkit-flex-direction:column;-ms-flex-direction:column;flex-direction:column;gap:12px;}/*!sc*/
.bDSTKE li{font-family:var(--typography-body_300-fontFamily,var(--typography-body-fontFamily,"SourceSansPro","Lucida Sans",sans-serif));font-size:var(--typography-body_300-fontSize,1rem);line-height:var(--typography-body_300-lineHeight,1.5rem);font-weight:var(--typography-body_300-fontWeight,400);-webkit-letter-spacing:var(--typography-body_300-letterSpacing,0px);-moz-letter-spacing:var(--typography-body_300-letterSpacing,0px);-ms-letter-spacing:var(--typography-body_300-letterSpacing,0px);letter-spacing:var(--typography-body_300-letterSpacing,0px);font-style:var(--typography-body_300-fontStyle,normal);}/*!sc*/
data-styled.g639[id="sc-a376814c-2"]{content:"bDSTKE,"}/*!sc*/
.fKyEbn{display:grid;grid-template-columns:repeat(3,1fr);}/*!sc*/
data-styled.g641[id="sc-a376814c-4"]{content:"fKyEbn,"}/*!sc*/
@media (min-width:1200px){.hVLrNo{padding-top:32px;}}/*!sc*/
.hVLrNo .social-links{display:-webkit-box;display:-webkit-flex;display:-ms-flexbox;display:flex;-webkit-flex-wrap:wrap;-ms-flex-wrap:wrap;flex-wrap:wrap;gap:8px;margin-bottom:32px;}/*!sc*/
.hVLrNo .social-links a{border:1px solid var(--colors-colorBorder-primary,#212121);border-radius:var(--borderRadius-round,9999px);}/*!sc*/
.hVLrNo .social-links a svg{margin:7px;}/*!sc*/
data-styled.g642[id="sc-a376814c-5"]{content:"hVLrNo,"}/*!sc*/
.cXokIh{display:-webkit-box;display:-webkit-flex;display:-ms-flexbox;display:flex;-webkit-flex-wrap:wrap;-ms-flex-wrap:wrap;flex-wrap:wrap;gap:12px;}/*!sc*/
.cXokIh a{position:relative;outline:none;display:-webkit-box;display:-webkit-flex;display:-ms-flexbox;display:flex;width:-webkit-fit-content;width:-moz-fit-content;width:fit-content;}/*!sc*/
.cXokIh a:before,.cXokIh a:after{content:'';position:absolute;border:1px solid;border-color:transparent;border-radius:var(--borderRadius-sm,4px);}/*!sc*/
.cXokIh a:before{width:100%;height:100%;border-color:var(--colors-colorBorder-tertiary,#E0E0E0);}/*!sc*/
.cXokIh a:after{width:calc(100% + 4px);height:calc(100% + 4px);left:-2px;top:-2px;}/*!sc*/
.cXokIh a:hover:after{border-color:var(--colors-colorBorder-primary,#212121);}/*!sc*/
.cXokIh a:focus-visible{z-index:1;outline-color:transparent;box-shadow:0 0 0 2px var(--colors-colorBorder-inverse,var(--colors-common-white,#FFFFFF)), 0 0 0 4px var(--colors-colorExtended-focusState-default,var(--colors-info-main,#2670EE));border-radius:var(--borderRadius-sm,4px);}/*!sc*/
.cXokIh a:before{width:calc(100% + -2px);left:1px;}/*!sc*/
.cXokIh a:after{width:calc(100% + 2px);left:-1px;}/*!sc*/
@media (min-width:1200px){.cXokIh{-webkit-flex-direction:column;-ms-flex-direction:column;flex-direction:column;}}/*!sc*/
.cXokIh .app-store,.cXokIh .google-play{height:41px;}/*!sc*/
.cXokIh .app-store{width:119px;}/*!sc*/
.cXokIh .google-play{width:136px;}/*!sc*/
data-styled.g643[id="sc-a376814c-6"]{content:"cXokIh,"}/*!sc*/
.eJlAPk{padding:16px 0 24px;}/*!sc*/
data-styled.g644[id="sc-a376814c-7"]{content:"eJlAPk,"}/*!sc*/
.bYGnqp{display:grid;grid-template-columns:repeat(3,1fr);gap:16px;}/*!sc*/
@media (min-width:768px) and (max-width:1023px){.bYGnqp{grid-template-columns:repeat(5,1fr);}}/*!sc*/
@media (min-width:1024px){.bYGnqp{grid-template-columns:repeat(8,1fr);}}/*!sc*/
data-styled.g645[id="sc-a376814c-8"]{content:"bYGnqp,"}/*!sc*/
.bwlEyG{position:relative;outline:none;display:-webkit-box;display:-webkit-flex;display:-ms-flexbox;display:flex;}/*!sc*/
.bwlEyG:before,.bwlEyG:after{content:'';position:absolute;border:1px solid;border-color:transparent;border-radius:var(--borderRadius-sm,4px);}/*!sc*/
.bwlEyG:before{width:100%;height:100%;border-color:var(--colors-colorBorder-tertiary,#E0E0E0);}/*!sc*/
.bwlEyG:after{width:calc(100% + 4px);height:calc(100% + 4px);left:-2px;top:-2px;}/*!sc*/
.bwlEyG:hover:after{border-color:var(--colors-colorBorder-primary,#212121);}/*!sc*/
.bwlEyG:focus-visible{z-index:1;outline-color:transparent;box-shadow:0 0 0 2px var(--colors-colorBorder-inverse,var(--colors-common-white,#FFFFFF)), 0 0 0 4px var(--colors-colorExtended-focusState-default,var(--colors-info-main,#2670EE));border-radius:var(--borderRadius-sm,4px);}/*!sc*/
.bwlEyG img{border-radius:var(--borderRadius-sm,4px);width:100%;height:auto;}/*!sc*/
data-styled.g646[id="sc-a376814c-9"]{content:"bwlEyG,"}/*!sc*/
.fOQROv,.fOQROv a{background-color:var(--colors-colorBackground-secondary-default,#F5F5F5);}/*!sc*/
data-styled.g647[id="sc-a376814c-10"]{content:"fOQROv,"}/*!sc*/
.iVEiTO{display:-webkit-inline-box;display:-webkit-inline-flex;display:-ms-inline-flexbox;display:inline-flex;-webkit-flex-wrap:wrap;-ms-flex-wrap:wrap;flex-wrap:wrap;gap:8px 16px;padding:24px 0 12px;}/*!sc*/
@media (min-width:1200px){.iVEiTO{padding:0 0 12px;}}/*!sc*/
data-styled.g649[id="sc-ea1146ef-0"]{content:"iVEiTO,"}/*!sc*/
.cJINUU{max-width:1440px;margin:0 auto;padding:0 1.5rem;}/*!sc*/
@media (min-width:1024px){.cJINUU{padding:0 2rem;}}/*!sc*/
@media (min-width:1200px){.cJINUU{padding:0 3rem;}}/*!sc*/
.cJINUU img{margin-top:5px;}/*!sc*/
.cJINUU > div{font-family:var(--typography-body_200-fontFamily,var(--typography-body-fontFamily,"SourceSansPro","Lucida Sans",sans-serif));font-size:var(--typography-body_200-fontSize,0.875rem);line-height:var(--typography-body_200-lineHeight,1.25rem);font-weight:var(--typography-body_200-fontWeight,400);-webkit-letter-spacing:var(--typography-body_200-letterSpacing,0.16px);-moz-letter-spacing:var(--typography-body_200-letterSpacing,0.16px);-ms-letter-spacing:var(--typography-body_200-letterSpacing,0.16px);letter-spacing:var(--typography-body_200-letterSpacing,0.16px);font-style:var(--typography-body_200-fontStyle,normal);padding:24px 0;}/*!sc*/
@media (min-width:1200px){.cJINUU > div{display:grid;grid-template-columns:3fr 1fr;gap:64px;}}/*!sc*/
data-styled.g650[id="sc-ea1146ef-1"]{content:"cJINUU,"}/*!sc*/
.lkVDvV{display:-webkit-box;display:-webkit-flex;display:-ms-flexbox;display:flex;-webkit-flex-direction:column;-ms-flex-direction:column;flex-direction:column;}/*!sc*/
data-styled.g651[id="sc-ea1146ef-2"]{content:"lkVDvV,"}/*!sc*/
.koZbNg{display:grid;gap:12px;}/*!sc*/
.koZbNg img{width:90px;height:auto;}/*!sc*/
@media (min-width:768px){.koZbNg{grid-template-columns:1fr auto;gap:24px;}}/*!sc*/
data-styled.g652[id="sc-ea1146ef-3"]{content:"koZbNg,"}/*!sc*/
.gtecbS{display:-webkit-box;display:-webkit-flex;display:-ms-flexbox;display:flex;width:100%;-webkit-box-pack:justify;-webkit-justify-content:space-between;-ms-flex-pack:justify;justify-content:space-between;}/*!sc*/
.gtecbS svg{pointer-events:none;}/*!sc*/
data-styled.g657[id="sc-3305d11e-0"]{content:"gtecbS,"}/*!sc*/
.dAytCA{position:relative;outline:none;display:-webkit-box;display:-webkit-flex;display:-ms-flexbox;display:flex;-webkit-column-gap:1rem;column-gap:1rem;-webkit-flex-shrink:0;-ms-flex-negative:0;flex-shrink:0;-webkit-align-items:center;-webkit-box-align:center;-ms-flex-align:center;align-items:center;-webkit-box-pack:start;-webkit-justify-content:flex-start;-ms-flex-pack:start;justify-content:flex-start;border-radius:0.5rem;padding:0.75rem 1rem;margin:0 0.5rem;font-family:var(--typography-body_300-fontFamily,var(--typography-body-fontFamily,"SourceSansPro","Lucida Sans",sans-serif));font-size:var(--typography-body_300-fontSize,1rem);line-height:var(--typography-body_300-lineHeight,1.5rem);font-weight:var(--typography-body_300-fontWeight,400);-webkit-letter-spacing:var(--typography-body_300-letterSpacing,0px);-moz-letter-spacing:var(--typography-body_300-letterSpacing,0px);-ms-letter-spacing:var(--typography-body_300-letterSpacing,0px);letter-spacing:var(--typography-body_300-letterSpacing,0px);font-style:var(--typography-body_300-fontStyle,normal);background:var(--colors-colorBackground-primary-default,var(--colors-background-default,#FFFFFF));color:var(--colors-colorForeground-primary,var(--colors-text-primary,#212121));}/*!sc*/
.dAytCA svg{display:-webkit-inline-box;display:-webkit-inline-flex;display:-ms-inline-flexbox;display:inline-flex;-webkit-flex-shrink:0;-ms-flex-negative:0;flex-shrink:0;min-width:1.5rem;}/*!sc*/
.dAytCA svg.icon-end{margin-right:-0.5rem;}/*!sc*/
.dAytCA svg.coles-plus-logo{width:75px;}/*!sc*/
.dAytCA img{margin:-0.25rem 0;}/*!sc*/
.dAytCA .badge{margin-right:-0.5rem;font-size:0.875rem;}/*!sc*/
.dAytCA.is-special,.dAytCA.is-shop-categories{font-family:var(--typography-body_300_bold-fontFamily,var(--typography-body-fontFamily,"SourceSansPro","Lucida Sans",sans-serif));font-size:var(--typography-body_300_bold-fontSize,1rem);line-height:var(--typography-body_300_bold-lineHeight,1.5rem);font-weight:var(--typography-body_300_bold-fontWeight,600);-webkit-letter-spacing:var(--typography-body_300_bold-letterSpacing,0px);-moz-letter-spacing:var(--typography-body_300_bold-letterSpacing,0px);-ms-letter-spacing:var(--typography-body_300_bold-letterSpacing,0px);letter-spacing:var(--typography-body_300_bold-letterSpacing,0px);font-style:var(--typography-body_300_bold-fontStyle,normal);margin:0;padding:0.75rem 0.75rem 0.75rem 1rem;}/*!sc*/
.dAytCA.is-special{background:var(--colors-colorExtended-specials-default,#FEDC02);border:0.125rem solid transparent;}/*!sc*/
.dAytCA.is-special:hover{background:var(--colors-colorExtended-specials-hover,#ECC104);}/*!sc*/
.dAytCA.is-special:active{background:var(--colors-colorExtended-specials-active,#CE9E03);}/*!sc*/
.dAytCA.is-special:focus{background:var(--colors-colorExtended-specials-default,#FEDC02);border:0.125rem solid var(--colors-colorExtended-specials-default,#FEDC02);box-shadow:0 0 0 0.125rem var(--colors-colorBorder-inverse,var(--colors-common-white,#FFFFFF)), 0 0 0 0.25rem var(--colors-colorExtended-focusState-default,var(--colors-info-main,#2670EE));}/*!sc*/
.dAytCA.is-special:focus:not(:focus-visible){background:var(--colors-colorExtended-specials-default,#FEDC02);border:0.125rem solid transparent;box-shadow:none;}/*!sc*/
.dAytCA.is-special:focus-visible{background:var(--colors-colorExtended-specials-default,#FEDC02);border:0.125rem solid var(--colors-colorExtended-specials-default,#FEDC02);box-shadow:0 0 0 0.125rem var(--colors-colorBorder-inverse,var(--colors-common-white,#FFFFFF)), 0 0 0 0.25rem var(--colors-colorExtended-focusState-default,var(--colors-info-main,#2670EE));}/*!sc*/
.dAytCA.is-shop-categories{background:var(--colors-colorBackground-primary-default,var(--colors-background-default,#FFFFFF));border:0.0625rem solid var(--colors-colorBorder-tertiary,#E0E0E0);}/*!sc*/
.dAytCA.is-shop-categories:hover{background:var(--colors-colorBackground-secondary-default,#F5F5F5);}/*!sc*/
.dAytCA.is-shop-categories:active{background:var(--colors-colorBackground-primary-active,#E0E0E0);}/*!sc*/
.dAytCA.is-shop-categories:focus{background:var(--colors-colorBackground-primary-default,var(--colors-background-default,#FFFFFF));border:0.0625rem solid var(--colors-colorBorder-tertiary,#E0E0E0);box-shadow:0 0 0 0.125rem var(--colors-colorBorder-inverse,var(--colors-common-white,#FFFFFF)), 0 0 0 0.25rem var(--colors-colorExtended-focusState-default,var(--colors-info-main,#2670EE));}/*!sc*/
.dAytCA.is-shop-categories:focus:not(:focus-visible){background:var(--colors-colorBackground-primary-default,var(--colors-background-default,#FFFFFF));border:0.0625rem solid var(--colors-colorBorder-tertiary,#E0E0E0);box-shadow:none;}/*!sc*/
.dAytCA.is-shop-categories:focus-visible{background:var(--colors-colorBackground-primary-default,var(--colors-background-default,#FFFFFF));border:0.0625rem solid var(--colors-colorBorder-tertiary,#E0E0E0);box-shadow:0 0 0 0.125rem var(--colors-colorBorder-inverse,var(--colors-common-white,#FFFFFF)), 0 0 0 0.25rem var(--colors-colorExtended-focusState-default,var(--colors-info-main,#2670EE));}/*!sc*/
.dAytCA.is-active{background:var(--colors-colorBackground-primary-hover,#F5F5F5);}/*!sc*/
.dAytCA.is-active:before{content:'';width:0.1875rem;height:100%;display:block;background:var(--colors-colorBackground-brand-default,var(--colors-primary-main,#E01A22));position:absolute;left:-0.5rem;}/*!sc*/
.dAytCA.is-active.with-badge:before{display:none;}/*!sc*/
.dAytCA.is-active.with-badge .badge{background-color:var(--colors-colorBackground-brand-default,var(--colors-primary-main,#E01A22));color:var(--colors-colorForeground-inverse,var(--colors-common-white,#FFFFFF));}/*!sc*/
.dAytCA.with-indent-l{padding-left:4rem;}/*!sc*/
.dAytCA.with-indent-m{padding-left:3rem;}/*!sc*/
.dAytCA.is-bold{font-family:var(--typography-body_300_bold-fontFamily,var(--typography-body-fontFamily,"SourceSansPro","Lucida Sans",sans-serif));font-size:var(--typography-body_300_bold-fontSize,1rem);line-height:var(--typography-body_300_bold-lineHeight,1.5rem);font-weight:var(--typography-body_300_bold-fontWeight,600);-webkit-letter-spacing:var(--typography-body_300_bold-letterSpacing,0px);-moz-letter-spacing:var(--typography-body_300_bold-letterSpacing,0px);-ms-letter-spacing:var(--typography-body_300_bold-letterSpacing,0px);letter-spacing:var(--typography-body_300_bold-letterSpacing,0px);font-style:var(--typography-body_300_bold-fontStyle,normal);}/*!sc*/
.dAytCA:hover{background:var(--colors-colorBackground-primary-hover,#F5F5F5);}/*!sc*/
.dAytCA:hover .sc-3305d11e-0{-webkit-text-decoration:underline;text-decoration:underline;}/*!sc*/
.dAytCA:active{background:var(--colors-colorBackground-primary-active,#E0E0E0);}/*!sc*/
.dAytCA:focus{box-shadow:0px 0px 0px 0.125rem var(--colors-colorExtended-focusState-default,var(--colors-info-main,#2670EE)) inset;}/*!sc*/
.dAytCA:focus:not(:focus-visible){box-shadow:none;}/*!sc*/
.dAytCA:focus-visible{box-shadow:0 0 0 0.125rem var(--colors-colorExtended-focusState-default,var(--colors-info-main,#2670EE)) inset;}/*!sc*/
@media (max-width:1023px){.show-as-pills .sc-3305d11e-1{border-radius:9999px;display:-webkit-inline-box;display:-webkit-inline-flex;display:-ms-inline-flexbox;display:inline-flex;padding:0.4375rem 1.25rem;margin:0;border:0.0625rem var(--colors-colorBorder-tertiary,#E0E0E0) solid;font-family:var(--typography-body_300_bold-fontFamily,var(--typography-body-fontFamily,"SourceSansPro","Lucida Sans",sans-serif));font-size:var(--typography-body_300_bold-fontSize,1rem);line-height:var(--typography-body_300_bold-lineHeight,1.5rem);font-weight:var(--typography-body_300_bold-fontWeight,600);-webkit-letter-spacing:var(--typography-body_300_bold-letterSpacing,0px);-moz-letter-spacing:var(--typography-body_300_bold-letterSpacing,0px);-ms-letter-spacing:var(--typography-body_300_bold-letterSpacing,0px);letter-spacing:var(--typography-body_300_bold-letterSpacing,0px);font-style:var(--typography-body_300_bold-fontStyle,normal);}.show-as-pills .sc-3305d11e-1 .badge{background:none;padding:0.125rem 0;min-width:auto;margin:0 0 0 0.5rem;color:var(--colors-colorForeground-secondary,#6F6F6F);font-family:var(--typography-body_300_bold-fontFamily,var(--typography-body-fontFamily,"SourceSansPro","Lucida Sans",sans-serif));font-size:var(--typography-body_300_bold-fontSize,1rem);line-height:var(--typography-body_300_bold-lineHeight,1.5rem);font-weight:var(--typography-body_300_bold-fontWeight,600);-webkit-letter-spacing:var(--typography-body_300_bold-letterSpacing,0px);-moz-letter-spacing:var(--typography-body_300_bold-letterSpacing,0px);-ms-letter-spacing:var(--typography-body_300_bold-letterSpacing,0px);letter-spacing:var(--typography-body_300_bold-letterSpacing,0px);font-style:var(--typography-body_300_bold-fontStyle,normal);}.show-as-pills .sc-3305d11e-1 .icon-end{display:none;}.show-as-pills .sc-3305d11e-1.is-active{background-color:var(--colors-colorBackground-inverse-default,#212121);border-color:var(--colors-colorBorder-primary,#212121);color:var(--colors-colorForeground-inverse,var(--colors-common-white,#FFFFFF));}.show-as-pills .sc-3305d11e-1.is-active:before{display:none;}.show-as-pills .sc-3305d11e-1.is-active .badge{background:none;}.show-as-pills .sc-3305d11e-1:focus-visible{outline-offset:0.125rem;outline:0.125rem solid var(--colors-colorExtended-focusState-default,var(--colors-info-main,#2670EE));box-shadow:0px 0px 0px 0.375rem rgb(255 255 255 / 90%);border-radius:var(--borderRadius-sm,4px);}.show-as-pills .sc-3305d11e-1:focus{box-shadow:none;}.show-as-pills .sc-3305d11e-1:focus:after,.show-as-pills .dAytCA:focus:before{border-width:0.125rem;border-radius:9999px;}.show-as-pills .sc-3305d11e-1:focus:after{margin:-0.3125rem;}.show-as-pills .sc-3305d11e-1:focus:before{margin:-0.4375rem;}}/*!sc*/
data-styled.g658[id="sc-3305d11e-1"]{content:"dAytCA,"}/*!sc*/
.jTtARF{grid-area:user;font-family:var(--typography-body_100-fontFamily,var(--typography-body-fontFamily,"SourceSansPro","Lucida Sans",sans-serif));font-size:var(--typography-body_100-fontSize,0.75rem);line-height:var(--typography-body_100-lineHeight,1rem);font-weight:var(--typography-body_100-fontWeight,400);-webkit-letter-spacing:var(--typography-body_100-letterSpacing,0.32px);-moz-letter-spacing:var(--typography-body_100-letterSpacing,0.32px);-ms-letter-spacing:var(--typography-body_100-letterSpacing,0.32px);letter-spacing:var(--typography-body_100-letterSpacing,0.32px);font-style:var(--typography-body_100-fontStyle,normal);height:56px;min-width:56px;background:var(--colors-colorBackground-primary-default,var(--colors-background-default,#FFFFFF));border:none;border-radius:var(--borderRadius-sm,4px);padding:24px 2px 0;text-align:center;color:var(--colors-colorForeground-primary,var(--colors-text-primary,#212121));white-space:nowrap;overflow:hidden;text-overflow:ellipsis;position:relative;}/*!sc*/
.jTtARF:focus,.jTtARF:focus-visible{outline:none;box-shadow:0 0 0 2px var(--colors-colorExtended-focusState-default,var(--colors-info-main,#2670EE)) inset;}/*!sc*/
.jTtARF:focus:not(:focus-visible){outline:none;box-shadow:none;}/*!sc*/
.jTtARF:hover{background:var(--colors-colorBackground-secondary-default,#F5F5F5);-webkit-text-decoration:underline;text-decoration:underline;cursor:pointer;}/*!sc*/
.jTtARF:active{background:var(--colors-colorBackground-primary-active,#E0E0E0);}/*!sc*/
.jTtARF::before{content:'';position:absolute;top:8px;left:50%;-webkit-transform:translate(-50%,0);-ms-transform:translate(-50%,0);transform:translate(-50%,0);width:24px;height:24px;background-image:url('data:image/svg+xml;charset=utf8,%3Csvg%20focusable%3D%22false%22%20xmlns%3D%22http%3A%2F%2Fwww.w3.org%2F2000%2Fsvg%22%20width%3D%2224%22%20height%3D%2224%22%20viewBox%3D%220%200%2024%2024%22%20color%3D%22currentColor%22%3E%3Cg%20fill%3D%22none%22%20fill-rule%3D%22evenodd%22%3E%3Cpath%20stroke%3D%22currentColor%22%20stroke-linecap%3D%22round%22%20stroke-linejoin%3D%22round%22%20stroke-width%3D%222%22%20vector-effect%3D%22non-scaling-stroke%22%20d%3D%22M20%2C21%20C20%2C17%2018%2C15%2012%2C15%20C6%2C15%204%2C17%204%2C21%20M12%2C11%20C14.209139%2C11%2016%2C9.209139%2016%2C7%20C16%2C4.790861%2014.209139%2C3%2012%2C3%20C9.790861%2C3%208%2C4.790861%208%2C7%20C8%2C9.209139%209.790861%2C11%2012%2C11%20Z%22%3E%3C%2Fpath%3E%3C%2Fg%3E%3C%2Fsvg%3E    ');}/*!sc*/
.jTtARF .indicator{position:absolute;top:10%;right:calc(50% - 1.25rem);}/*!sc*/
data-styled.g665[id="sc-d43f973e-2"]{content:"jTtARF,"}/*!sc*/
.eLROkp{grid-area:logo;height:24px;margin:0 4px;padding:2px;display:inline-table;border-radius:var(--borderRadius-sm,4px);width:77.25px;}/*!sc*/
.eLROkp:focus,.eLROkp:focus-visible{outline:none;box-shadow:0 0 0 2px var(--colors-colorExtended-focusState-default,var(--colors-info-main,#2670EE));}/*!sc*/
.eLROkp:focus:not(:focus-visible){outline:none;box-shadow:none;}/*!sc*/
.eLROkp svg{height:24px;width:77.25px;}/*!sc*/
@media (min-width:768px){.eLROkp{height:32px;margin:0;}.eLROkp svg{height:32px;width:103px;}}/*!sc*/
@media (max-width:319px){.eLROkp{width:60px;}.eLROkp svg{width:100%;}}/*!sc*/
data-styled.g668[id="sc-919aefbd-0"]{content:"eLROkp,"}/*!sc*/
.jDbQhk{font-family:var(--typography-body_100-fontFamily,var(--typography-body-fontFamily,"SourceSansPro","Lucida Sans",sans-serif));font-size:var(--typography-body_100-fontSize,0.75rem);line-height:var(--typography-body_100-lineHeight,1rem);font-weight:var(--typography-body_100-fontWeight,400);-webkit-letter-spacing:var(--typography-body_100-letterSpacing,0.32px);-moz-letter-spacing:var(--typography-body_100-letterSpacing,0.32px);-ms-letter-spacing:var(--typography-body_100-letterSpacing,0.32px);letter-spacing:var(--typography-body_100-letterSpacing,0.32px);font-style:var(--typography-body_100-fontStyle,normal);height:3.5rem;min-width:3.5rem;background:var(--colors-colorBackground-primary-default,var(--colors-background-default,#FFFFFF));border:none;border-radius:var(--borderRadius-sm,4px);padding:1.5rem 0.125rem 0;text-align:center;color:var(--colors-colorForeground-primary,var(--colors-text-primary,#212121));position:relative;}/*!sc*/
.jDbQhk:focus,.jDbQhk:focus-visible{outline:none;box-shadow:0 0 0 0.125rem var(--colors-colorExtended-focusState-default,var(--colors-info-main,#2670EE)) inset;}/*!sc*/
.jDbQhk:focus:not(:focus-visible){outline:none;box-shadow:none;}/*!sc*/
.jDbQhk:hover{background:var(--colors-colorBackground-secondary-default,#F5F5F5);-webkit-text-decoration:underline;text-decoration:underline;cursor:pointer;}/*!sc*/
.jDbQhk:active{background:var(--colors-colorBackground-primary-active,#E0E0E0);}/*!sc*/
.jDbQhk::before{content:'';position:absolute;top:0.5rem;left:50%;-webkit-transform:translate(-50%,0);-ms-transform:translate(-50%,0);transform:translate(-50%,0);width:1.5rem;height:1.5rem;background-image:url('data:image/svg+xml;charset=utf8,%3Csvg%20focusable%3D%22false%22%20xmlns%3D%22http%3A%2F%2Fwww.w3.org%2F2000%2Fsvg%22%20width%3D%2224%22%20height%3D%2224%22%20viewBox%3D%220%200%2024%2024%22%20color%3D%22currentColor%22%3E%3Cg%20fill%3D%22none%22%20fill-rule%3D%22evenodd%22%3E%3Cpath%20stroke%3D%22currentColor%22%20stroke-linecap%3D%22round%22%20stroke-linejoin%3D%22round%22%20stroke-width%3D%222%22%20vector-effect%3D%22non-scaling-stroke%22%20d%3D%22M21%2C21%20L15%2C15%20L21%2C21%20Z%20M10%2C3%20C6.13400675%2C3%203%2C6.13400675%203%2C10%20C3%2C13.8659932%206.13400675%2C17%2010%2C17%20C11.8565154%2C17%2013.6369928%2C16.2625021%2014.9497475%2C14.9497475%20C16.2625021%2C13.6369928%2017%2C11.8565154%2017%2C10%20C17%2C6.13400675%2013.8659932%2C3%2010%2C3%20Z%22%3E%3C%2Fpath%3E%3C%2Fg%3E%3C%2Fsvg%3E    ');}/*!sc*/
.cQPoBC{font-family:var(--typography-body_100-fontFamily,var(--typography-body-fontFamily,"SourceSansPro","Lucida Sans",sans-serif));font-size:var(--typography-body_100-fontSize,0.75rem);line-height:var(--typography-body_100-lineHeight,1rem);font-weight:var(--typography-body_100-fontWeight,400);-webkit-letter-spacing:var(--typography-body_100-letterSpacing,0.32px);-moz-letter-spacing:var(--typography-body_100-letterSpacing,0.32px);-ms-letter-spacing:var(--typography-body_100-letterSpacing,0.32px);letter-spacing:var(--typography-body_100-letterSpacing,0.32px);font-style:var(--typography-body_100-fontStyle,normal);height:3.5rem;min-width:3.5rem;background:var(--colors-colorBackground-primary-default,var(--colors-background-default,#FFFFFF));border:none;border-radius:var(--borderRadius-sm,4px);padding:1.5rem 0.125rem 0;text-align:center;color:var(--colors-colorForeground-primary,var(--colors-text-primary,#212121));position:relative;}/*!sc*/
.cQPoBC:focus,.cQPoBC:focus-visible{outline:none;box-shadow:0 0 0 0.125rem var(--colors-colorExtended-focusState-default,var(--colors-info-main,#2670EE)) inset;}/*!sc*/
.cQPoBC:focus:not(:focus-visible){outline:none;box-shadow:none;}/*!sc*/
.cQPoBC:hover{background:var(--colors-colorBackground-secondary-default,#F5F5F5);-webkit-text-decoration:underline;text-decoration:underline;cursor:pointer;}/*!sc*/
.cQPoBC:active{background:var(--colors-colorBackground-primary-active,#E0E0E0);}/*!sc*/
.cQPoBC::before{content:'';position:absolute;top:0.5rem;left:50%;-webkit-transform:translate(-50%,0);-ms-transform:translate(-50%,0);transform:translate(-50%,0);width:1.5rem;height:1.5rem;background-image:url('data:image/svg+xml;charset=utf8,%3Csvg%20focusable%3D%22false%22%20xmlns%3D%22http%3A%2F%2Fwww.w3.org%2F2000%2Fsvg%22%20width%3D%2224%22%20height%3D%2224%22%20viewBox%3D%220%200%2024%2024%22%20color%3D%22currentColor%22%3E%3Cg%20fill%3D%22none%22%20fill-rule%3D%22evenodd%22%3E%3Cpath%20stroke%3D%22currentColor%22%20stroke-linecap%3D%22round%22%20stroke-linejoin%3D%22round%22%20stroke-width%3D%222%22%20vector-effect%3D%22non-scaling-stroke%22%20d%3D%22M9%2C14%20C9.55228475%2C14%2010%2C14.4477153%2010%2C15%20L10%2C19%20C10%2C19.5522847%209.55228475%2C20%209%2C20%20L5%2C20%20C4.44771525%2C20%204%2C19.5522847%204%2C19%20L4%2C15%20C4%2C14.4477153%204.44771525%2C14%205%2C14%20L9%2C14%20Z%20M9%2C4%20C9.55228475%2C4%2010%2C4.44771525%2010%2C5%20L10%2C9%20C10%2C9.55228475%209.55228475%2C10%209%2C10%20L5%2C10%20C4.44771525%2C10%204%2C9.55228475%204%2C9%20L4%2C5%20C4%2C4.44771525%204.44771525%2C4%205%2C4%20L9%2C4%20Z%20M19%2C4%20C19.5522847%2C4%2020%2C4.44771525%2020%2C5%20L20%2C9%20C20%2C9.55228475%2019.5522847%2C10%2019%2C10%20L15%2C10%20C14.4477153%2C10%2014%2C9.55228475%2014%2C9%20L14%2C5%20C14%2C4.44771525%2014.4477153%2C4%2015%2C4%20L19%2C4%20Z%20M15%2C14%20L19%2C14%20C19.5522847%2C14%2020%2C14.4477153%2020%2C15%20L20%2C19%20C20%2C19.5522847%2019.5522847%2C20%2019%2C20%20L15%2C20%20C14.4477153%2C20%2014%2C19.5522847%2014%2C19%20L14%2C15%20C14%2C14.4477153%2014.4477153%2C14%2015%2C14%20Z%22%3E%3C%2Fpath%3E%3C%2Fg%3E%3C%2Fsvg%3E    ');}/*!sc*/
.jIaEps{font-family:var(--typography-body_100-fontFamily,var(--typography-body-fontFamily,"SourceSansPro","Lucida Sans",sans-serif));font-size:var(--typography-body_100-fontSize,0.75rem);line-height:var(--typography-body_100-lineHeight,1rem);font-weight:var(--typography-body_100-fontWeight,400);-webkit-letter-spacing:var(--typography-body_100-letterSpacing,0.32px);-moz-letter-spacing:var(--typography-body_100-letterSpacing,0.32px);-ms-letter-spacing:var(--typography-body_100-letterSpacing,0.32px);letter-spacing:var(--typography-body_100-letterSpacing,0.32px);font-style:var(--typography-body_100-fontStyle,normal);height:3.5rem;min-width:3.5rem;background:var(--colors-colorBackground-primary-default,var(--colors-background-default,#FFFFFF));border:none;border-radius:var(--borderRadius-sm,4px);padding:1.5rem 0.125rem 0;text-align:center;color:var(--colors-colorForeground-primary,var(--colors-text-primary,#212121));position:relative;}/*!sc*/
.jIaEps:focus,.jIaEps:focus-visible{outline:none;box-shadow:0 0 0 0.125rem var(--colors-colorExtended-focusState-default,var(--colors-info-main,#2670EE)) inset;}/*!sc*/
.jIaEps:focus:not(:focus-visible){outline:none;box-shadow:none;}/*!sc*/
.jIaEps:hover{background:var(--colors-colorBackground-secondary-default,#F5F5F5);-webkit-text-decoration:underline;text-decoration:underline;cursor:pointer;}/*!sc*/
.jIaEps:active{background:var(--colors-colorBackground-primary-active,#E0E0E0);}/*!sc*/
.jIaEps::before{content:'';position:absolute;top:0.5rem;left:50%;-webkit-transform:translate(-50%,0);-ms-transform:translate(-50%,0);transform:translate(-50%,0);width:1.5rem;height:1.5rem;background-image:url('data:image/svg+xml;charset=utf8,%3Csvg%20focusable%3D%22false%22%20xmlns%3D%22http%3A%2F%2Fwww.w3.org%2F2000%2Fsvg%22%20width%3D%2224%22%20height%3D%2224%22%20viewBox%3D%220%200%2024%2024%22%20color%3D%22currentColor%22%3E%3Cg%20fill%3D%22none%22%20fill-rule%3D%22evenodd%22%3E%3Cpath%20stroke%3D%22currentColor%22%20stroke-linecap%3D%22round%22%20stroke-linejoin%3D%22round%22%20stroke-width%3D%222%22%20vector-effect%3D%22non-scaling-stroke%22%20d%3D%22M5%2C4%20L19%2C4%20L19%2C18%20C19%2C19.6568542%2017.6568542%2C21%2016%2C21%20L8%2C21%20C6.34314575%2C21%205%2C19.6568542%205%2C18%20L5%2C4%20L5%2C4%20Z%20M16%2C3%20L16%2C5%20M12%2C3%20L12%2C5%20M8%2C3%20L8%2C5%20M9%2C9%20L15%2C9%20M9%2C13%20L15%2C13%20M9%2C17%20L12%2C17%22%3E%3C%2Fpath%3E%3C%2Fg%3E%3C%2Fsvg%3E    ');}/*!sc*/
data-styled.g669[id="sc-a79cc037-0"]{content:"jDbQhk,cQPoBC,jIaEps,"}/*!sc*/
.bOJfnj{grid-area:searchIcon;display:none;opacity:0;-webkit-transition:opacity 0.3s ease-out;transition:opacity 0.3s ease-out;}/*!sc*/
@media only screen and (min-width:0) and (max-width:612px) and (max-height:400px){.bOJfnj{display:block;opacity:1;-webkit-transition:opacity 0.3s ease-in;transition:opacity 0.3s ease-in;}}/*!sc*/
@media (min-width:0) and (max-width:767px){.bOJfnj{display:block;opacity:1;-webkit-transition:opacity 0.3s ease-in;transition:opacity 0.3s ease-in;}}/*!sc*/
data-styled.g670[id="sc-a79cc037-1"]{content:"bOJfnj,"}/*!sc*/
.ggkNiy{grid-area:brand-switcher;}/*!sc*/
@media (min-width:0) and (max-width:767px){.ggkNiy{display:none;}}/*!sc*/
data-styled.g673[id="sc-a79cc037-4"]{content:"ggkNiy,"}/*!sc*/
.dUHqIJ{grid-area:lists;}/*!sc*/
@media (min-width:0) and (max-width:767px){.dUHqIJ{display:none;}}/*!sc*/
data-styled.g674[id="sc-a79cc037-5"]{content:"dUHqIJ,"}/*!sc*/
.dpUMju{grid-area:hamburger;}/*!sc*/
.dpUMju:focus:not(:focus-visible){box-shadow:none;z-index:initial;}/*!sc*/
.dpUMju:focus-visible{box-shadow:0 0 0 0.125rem var(--colors-colorExtended-focusState-default,var(--colors-info-main,#2670EE));z-index:1;}/*!sc*/
@media (min-width:768px){.dpUMju{display:none;}}/*!sc*/
data-styled.g675[id="sc-a79cc037-6"]{content:"dpUMju,"}/*!sc*/
.bPCEHJ{font-family:var(--typography-body_100-fontFamily,var(--typography-body-fontFamily,"SourceSansPro","Lucida Sans",sans-serif));font-size:var(--typography-body_100-fontSize,0.75rem);line-height:var(--typography-body_100-lineHeight,1rem);font-weight:var(--typography-body_100-fontWeight,400);-webkit-letter-spacing:var(--typography-body_100-letterSpacing,0.32px);-moz-letter-spacing:var(--typography-body_100-letterSpacing,0.32px);-ms-letter-spacing:var(--typography-body_100-letterSpacing,0.32px);letter-spacing:var(--typography-body_100-letterSpacing,0.32px);font-style:var(--typography-body_100-fontStyle,normal);display:grid;grid-template-areas:'hamburger logo mobile-spacer searchIcon user trolley';grid-template-columns:40px min-content 1fr 56px minmax(56px,auto) 56px;grid-template-rows:72px;-webkit-align-items:center;-webkit-box-align:center;-ms-flex-align:center;align-items:center;-webkit-column-gap:0;column-gap:0;}/*!sc*/
@media (max-width:320px){.bPCEHJ{grid-template-columns:40px min-content 1fr 56px 56px 56px;}}/*!sc*/
@media (min-width:768px){.bPCEHJ{grid-template-areas:'logo search-box brand-switcher user lists trolley';grid-template-columns:min-content 1fr repeat(2,91px) 56px min-content;grid-template-rows:80px;-webkit-column-gap:6px;column-gap:6px;}}/*!sc*/
@media (max-width:320px){.bPCEHJ{margin-left:-4px;}}/*!sc*/
@media (max-width:289px){.bPCEHJ{overflow-x:auto;}}/*!sc*/
data-styled.g676[id="sc-a79cc037-7"]{content:"bPCEHJ,"}/*!sc*/
.izcgMo{grid-area:mobile-spacer;}/*!sc*/
@media (min-width:768px){.izcgMo{display:none;}}/*!sc*/
data-styled.g677[id="sc-a79cc037-8"]{content:"izcgMo,"}/*!sc*/
.lixShO{grid-area:search-box;-webkit-align-self:start;-ms-flex-item-align:start;align-self:start;padding:0 0.5rem;position:relative;display:none;}/*!sc*/
@media (min-width:768px){.lixShO{display:inline-block;padding:1rem 1.625rem 0px;}.lixShO .search-box-modal{position:absolute;top:0;left:0.1875rem;width:80vw;max-width:65.625rem;}}/*!sc*/
data-styled.g678[id="sc-a79cc037-9"]{content:"lixShO,"}/*!sc*/
.cIlyaX{position:relative;z-index:999;background:white;}/*!sc*/
@media only screen and (min-width:0) and (max-width:612px) and (max-height:400px){.cIlyaX .search-box-wrapper{opacity:1;-webkit-transition:opacity 0.1s 0.3s ease-in;transition:opacity 0.1s 0.3s ease-in;}}/*!sc*/
data-styled.g679[id="sc-a79cc037-10"]{content:"cIlyaX,"}/*!sc*/
.jCavGj{max-width:1440px;margin:0 auto;padding:0 0.75rem;}/*!sc*/
@media (min-width:768px){.jCavGj{padding:0 1.5rem;}}/*!sc*/
@media (min-width:1024px){.jCavGj{padding:0 2rem;}}/*!sc*/
@media (min-width:1200px){.jCavGj{padding:0 3rem;}}/*!sc*/
data-styled.g680[id="sc-a79cc037-11"]{content:"jCavGj,"}/*!sc*/
.dXa-dXu{background:white;-webkit-transform:translateY(0px);-ms-transform:translateY(0px);transform:translateY(0px);-webkit-transition:-webkit-transform 0.3s cubic-bezier(0.1,0,0.2,1);-webkit-transition:transform 0.3s cubic-bezier(0.1,0,0.2,1);transition:transform 0.3s cubic-bezier(0.1,0,0.2,1);border-bottom:1px solid var(--colors-colorBorder-tertiary,#E0E0E0);}/*!sc*/
.dXa-dXu .header-bottom-wrapper{-webkit-transition:opacity 0.1s 0.2s ease-in;transition:opacity 0.1s 0.2s ease-in;opacity:1;}/*!sc*/
@media only screen and (min-width:0) and (max-width:612px) and (max-height:400px){.dXa-dXu{-webkit-transform:translateY(0px);-ms-transform:translateY(0px);transform:translateY(0px);-webkit-transition:-webkit-transform 0.3s cubic-bezier(0.1,0,0.2,1);-webkit-transition:transform 0.3s cubic-bezier(0.1,0,0.2,1);transition:transform 0.3s cubic-bezier(0.1,0,0.2,1);border-bottom:1px solid var(--colors-colorBorder-tertiary,#E0E0E0);}.dXa-dXu .header-bottom-wrapper{opacity:1;}}/*!sc*/
data-styled.g681[id="sc-a79cc037-12"]{content:"dXa-dXu,"}/*!sc*/
.hHQQOk{font-family:var(--typography-body_300-fontFamily,var(--typography-body-fontFamily,"SourceSansPro","Lucida Sans",sans-serif));font-size:var(--typography-body_300-fontSize,1rem);line-height:var(--typography-body_300-lineHeight,1.5rem);font-weight:var(--typography-body_300-fontWeight,400);-webkit-letter-spacing:var(--typography-body_300-letterSpacing,0px);-moz-letter-spacing:var(--typography-body_300-letterSpacing,0px);-ms-letter-spacing:var(--typography-body_300-letterSpacing,0px);letter-spacing:var(--typography-body_300-letterSpacing,0px);font-style:var(--typography-body_300-fontStyle,normal);padding-left:12px;padding-right:12px;}/*!sc*/
data-styled.g685[id="sc-59d7bcaa-1"]{content:"hHQQOk,"}/*!sc*/
.VKNnS{font-family:var(--typography-body_300-fontFamily,var(--typography-body-fontFamily,"SourceSansPro","Lucida Sans",sans-serif));font-size:var(--typography-body_300-fontSize,1rem);line-height:var(--typography-body_300-lineHeight,1.5rem);font-weight:var(--typography-body_300-fontWeight,400);-webkit-letter-spacing:var(--typography-body_300-letterSpacing,0px);-moz-letter-spacing:var(--typography-body_300-letterSpacing,0px);-ms-letter-spacing:var(--typography-body_300-letterSpacing,0px);letter-spacing:var(--typography-body_300-letterSpacing,0px);font-style:var(--typography-body_300-fontStyle,normal);padding-left:0.75rem;padding-right:0.75rem;height:3rem;z-index:4!important;position:relative;}/*!sc*/
.VKNnS svg:first-child{color:var(--colors-colorForeground-brand,var(--colors-primary-main,#E01A22));}/*!sc*/
@media (min-width:768px){.VKNnS span{max-width:9.375rem;white-space:nowrap;overflow:hidden;text-overflow:ellipsis;}}/*!sc*/
@media (min-width:890px){.VKNnS span{max-width:15.625rem;}}/*!sc*/
@media (max-width:767px){.VKNnS{font-family:var(--typography-body_200-fontFamily,var(--typography-body-fontFamily,"SourceSansPro","Lucida Sans",sans-serif));font-size:var(--typography-body_200-fontSize,0.875rem);line-height:var(--typography-body_200-lineHeight,1.25rem);font-weight:var(--typography-body_200-fontWeight,400);-webkit-letter-spacing:var(--typography-body_200-letterSpacing,0.16px);-moz-letter-spacing:var(--typography-body_200-letterSpacing,0.16px);-ms-letter-spacing:var(--typography-body_200-letterSpacing,0.16px);letter-spacing:var(--typography-body_200-letterSpacing,0.16px);font-style:var(--typography-body_200-fontStyle,normal);display:-webkit-box;display:-webkit-flex;display:-ms-flexbox;display:flex;-webkit-box-pack:start;-webkit-justify-content:flex-start;-ms-flex-pack:start;justify-content:flex-start;width:100%;padding:0.5rem;}.VKNnS span{width:100%;}}/*!sc*/
data-styled.g752[id="sc-9a46e4f9-1"]{content:"VKNnS,"}/*!sc*/
.eBvIXX{display:-webkit-box;display:-webkit-flex;display:-ms-flexbox;display:flex;-webkit-box-pack:justify;-webkit-justify-content:space-between;-ms-flex-pack:justify;justify-content:space-between;-webkit-align-items:center;-webkit-box-align:center;-ms-flex-align:center;align-items:center;}/*!sc*/
@media (min-width:0) and (max-width:767px){.eBvIXX{padding-bottom:5px;}}/*!sc*/
@media (min-width:768px){.eBvIXX{padding-top:8px;}}/*!sc*/
data-styled.g755[id="sc-7a83d031-0"]{content:"eBvIXX,"}/*!sc*/
.dIaMEX{display:-webkit-box;display:-webkit-flex;display:-ms-flexbox;display:flex;line-height:48px;margin-bottom:8px;margin-left:-12px;white-space:nowrap;}/*!sc*/
.dIaMEX .nav-overflow{display:none;}/*!sc*/
.dIaMEX .shop-categories{font-family:var(--typography-heading_200-fontFamily,var(--typography-heading-fontFamily,"AvantGardeGothic",Arial,sans-serif));font-size:var(--typography-heading_200-fontSize,0.875rem);line-height:var(--typography-heading_200-lineHeight,1.25rem);font-weight:var(--typography-heading_200-fontWeight,700);-webkit-letter-spacing:var(--typography-heading_200-letterSpacing,0.16px);-moz-letter-spacing:var(--typography-heading_200-letterSpacing,0.16px);-ms-letter-spacing:var(--typography-heading_200-letterSpacing,0.16px);letter-spacing:var(--typography-heading_200-letterSpacing,0.16px);font-style:var(--typography-heading_200-fontStyle,normal);display:-webkit-box;display:-webkit-flex;display:-ms-flexbox;display:flex;-webkit-align-items:center;-webkit-box-align:center;-ms-flex-align:center;align-items:center;}/*!sc*/
.dIaMEX .shop-categories svg{-webkit-flex-shrink:1;-ms-flex-negative:1;flex-shrink:1;}/*!sc*/
@media (min-width:0) and (max-width:767px){.dIaMEX{display:none;}}/*!sc*/
@media (max-width:1343px){.dIaMEX li:nth-last-child(-n + 6){display:none;}.dIaMEX li:last-child{display:list-item;}.dIaMEX button{display:-webkit-inline-box;display:-webkit-inline-flex;display:-ms-inline-flexbox;display:inline-flex;height:48px;}}/*!sc*/
data-styled.g756[id="sc-7a83d031-1"]{content:"dIaMEX,"}/*!sc*/
.dCJhVX li{display:-webkit-box;display:-webkit-flex;display:-ms-flexbox;display:flex;-webkit-align-items:center;-webkit-box-align:center;-ms-flex-align:center;align-items:center;-webkit-box-pack:center;-webkit-justify-content:center;-ms-flex-pack:center;justify-content:center;}/*!sc*/
data-styled.g757[id="sc-7a83d031-2"]{content:"dCJhVX,"}/*!sc*/
.fnXNDG{margin-bottom:8px;}/*!sc*/
@media (max-width:767px){.fnXNDG{width:100%;margin:0;}}/*!sc*/
data-styled.g758[id="sc-7a83d031-3"]{content:"fnXNDG,"}/*!sc*/
.dwkkCo{font-family:var(--typography-body_300-fontFamily,var(--typography-body-fontFamily,"SourceSansPro","Lucida Sans",sans-serif));font-size:var(--typography-body_300-fontSize,1rem);line-height:var(--typography-body_300-lineHeight,1.5rem);font-weight:var(--typography-body_300-fontWeight,400);-webkit-letter-spacing:var(--typography-body_300-letterSpacing,0px);-moz-letter-spacing:var(--typography-body_300-letterSpacing,0px);-ms-letter-spacing:var(--typography-body_300-letterSpacing,0px);letter-spacing:var(--typography-body_300-letterSpacing,0px);font-style:var(--typography-body_300-fontStyle,normal);color:var(--colors-colorForeground-primary,var(--colors-text-primary,#212121));padding:12px;border-radius:var(--borderRadius-sm,4px);margin:0 8px 0 0;position:relative;outline:none;-webkit-column-gap:0px;column-gap:0px;}/*!sc*/
.dwkkCo:hover{background:var(--colors-colorBackground-primary-hover,#F5F5F5);-webkit-text-decoration:underline;text-decoration:underline;}/*!sc*/
.dwkkCo:active{background:var(--colors-colorBackground-primary-active,#E0E0E0);}/*!sc*/
.dwkkCo:focus{box-shadow:0 0 0 2px var(--colors-colorExtended-focusState-default,var(--colors-info-main,#2670EE));z-index:1;}/*!sc*/
.dwkkCo:focus:not(:focus-visible){box-shadow:none;z-index:initial;}/*!sc*/
.dwkkCo:focus-visible{box-shadow:0 0 0 2px var(--colors-colorExtended-focusState-default,var(--colors-info-main,#2670EE));z-index:1;}/*!sc*/
.dwkkCo svg{margin-right:6px;}/*!sc*/
.dwkkCo svg{color:var(--colors-colorForeground-brand,var(--colors-primary-main,#E01A22));margin-right:0.5rem;}/*!sc*/
.dwkkCo:hover .sc-3305d11e-0{-webkit-text-decoration:none;text-decoration:none;}/*!sc*/
data-styled.g759[id="sc-7a83d031-4"]{content:"dwkkCo,"}/*!sc*/
.eSJCVh{position:relative;padding:0;}/*!sc*/
.eSJCVh .sc-47ff3082-0{position:absolute;z-index:1;top:6px;left:50%;margin-left:10px;-webkit-transform:translateX(-50%);-ms-transform:translateX(-50%);transform:translateX(-50%);}/*!sc*/
@media (min-width:768px){.eSJCVh .sc-47ff3082-0{left:33px;}}/*!sc*/
data-styled.g779[id="sc-fa106a14-0"]{content:"eSJCVh,"}/*!sc*/
.iPvhLG{z-index:2;}/*!sc*/
data-styled.g780[id="sc-fa106a14-1"]{content:"iPvhLG,"}/*!sc*/
.iBdGpo:hover + .sc-47ff3082-0{border-color:var(--colors-colorBackground-secondary-default,#F5F5F5);}/*!sc*/
.iBdGpo:active + .sc-47ff3082-0{border-color:var(--colors-colorBorder-tertiary,#E0E0E0);}/*!sc*/
@media (min-width:0) and (max-width:767px){.iBdGpo{display:none;}}/*!sc*/
data-styled.g781[id="sc-fa106a14-2"]{content:"iBdGpo,"}/*!sc*/
.cLMVDu{font-family:var(--typography-body_100-fontFamily,var(--typography-body-fontFamily,"SourceSansPro","Lucida Sans",sans-serif));font-size:var(--typography-body_100-fontSize,0.75rem);line-height:var(--typography-body_100-lineHeight,1rem);font-weight:var(--typography-body_100-fontWeight,400);-webkit-letter-spacing:var(--typography-body_100-letterSpacing,0.32px);-moz-letter-spacing:var(--typography-body_100-letterSpacing,0.32px);-ms-letter-spacing:var(--typography-body_100-letterSpacing,0.32px);letter-spacing:var(--typography-body_100-letterSpacing,0.32px);font-style:var(--typography-body_100-fontStyle,normal);height:56px;min-width:56px;background:var(--colors-colorBackground-primary-default,var(--colors-background-default,#FFFFFF));border:none;border-radius:var(--borderRadius-sm,4px);padding:24px 2px 0;text-align:center;color:var(--colors-colorForeground-primary,var(--colors-text-primary,#212121));position:relative;}/*!sc*/
.cLMVDu:focus,.cLMVDu:focus-visible{outline:none;box-shadow:0 0 0 2px var(--colors-colorExtended-focusState-default,var(--colors-info-main,#2670EE)) inset;}/*!sc*/
.cLMVDu:focus:not(:focus-visible){outline:none;box-shadow:none;}/*!sc*/
.cLMVDu:hover{background:var(--colors-colorBackground-secondary-default,#F5F5F5);-webkit-text-decoration:underline;text-decoration:underline;cursor:pointer;}/*!sc*/
.cLMVDu:active{background:var(--colors-colorBorder-tertiary,#E0E0E0);}/*!sc*/
.cLMVDu::before{content:'';position:absolute;top:8px;left:50%;-webkit-transform:translate(-50%,0);-ms-transform:translate(-50%,0);transform:translate(-50%,0);width:24px;height:24px;background-image:url('data:image/svg+xml;charset=utf8,%3Csvg%20focusable%3D%22false%22%20xmlns%3D%22http%3A%2F%2Fwww.w3.org%2F2000%2Fsvg%22%20width%3D%2224%22%20height%3D%2224%22%20viewBox%3D%220%200%2024%2024%22%20color%3D%22currentColor%22%3E%3Cg%20fill%3D%22none%22%20fill-rule%3D%22evenodd%22%3E%3Cpath%20stroke%3D%22currentColor%22%20stroke-linecap%3D%22round%22%20stroke-linejoin%3D%22round%22%20stroke-width%3D%222%22%20vector-effect%3D%22non-scaling-stroke%22%20d%3D%22M8%2C22%20C8.55228475%2C22%209%2C21.5522847%209%2C21%20C9%2C20.4477153%208.55228475%2C20%208%2C20%20C7.44771525%2C20%207%2C20.4477153%207%2C21%20C7%2C21.5522847%207.44771525%2C22%208%2C22%20Z%20M18%2C22%20C18.5522847%2C22%2019%2C21.5522847%2019%2C21%20C19%2C20.4477153%2018.5522847%2C20%2018%2C20%20C17.4477153%2C20%2017%2C20.4477153%2017%2C21%20C17%2C21.5522847%2017.4477153%2C22%2018%2C22%20Z%20M2%2C3%20L4.5%2C3%20L6.68%2C14.39%20C6.86873697%2C15.3402315%207.71138394%2C16.0185624%208.68%2C16%20L17.4%2C16%20C18.3686161%2C16.0185624%2019.211263%2C15.3402315%2019.4%2C14.39%20L21%2C7%20L5.5%2C7%22%3E%3C%2Fpath%3E%3C%2Fg%3E%3C%2Fsvg%3E');}/*!sc*/
@media (min-width:768px){.cLMVDu{display:none;}}/*!sc*/
data-styled.g782[id="sc-fa106a14-3"]{content:"cLMVDu,"}/*!sc*/
.gdnWSz{grid-area:trolley;}/*!sc*/
data-styled.g783[id="sc-da46e80-0"]{content:"gdnWSz,"}/*!sc*/
.hUYkhY{position:-webkit-sticky;position:sticky;top:0px;z-index:9;pointer-events:none;}/*!sc*/
.hUYkhY > *{pointer-events:all;}/*!sc*/
@media only screen and (min-width:0) and (max-width:612px) and (max-height:400px){.hUYkhY{position:relative;}}/*!sc*/
data-styled.g798[id="sc-407512d8-0"]{content:"hUYkhY,"}/*!sc*/
.kKfHOZ{font-family:var(--typography-body_200-fontFamily,var(--typography-body-fontFamily,"SourceSansPro","Lucida Sans",sans-serif));font-size:var(--typography-body_200-fontSize,0.875rem);line-height:var(--typography-body_200-lineHeight,1.25rem);font-weight:var(--typography-body_200-fontWeight,400);-webkit-letter-spacing:var(--typography-body_200-letterSpacing,0.16px);-moz-letter-spacing:var(--typography-body_200-letterSpacing,0.16px);-ms-letter-spacing:var(--typography-body_200-letterSpacing,0.16px);letter-spacing:var(--typography-body_200-letterSpacing,0.16px);font-style:var(--typography-body_200-fontStyle,normal);padding-top:3rem;color:var(--colors-colorForeground-secondary,#6F6F6F);}/*!sc*/
.kKfHOZ a{color:var(--colors-colorForeground-primary,var(--colors-text-primary,#212121));-webkit-text-decoration:underline;text-decoration:underline;position:relative;outline:none;}/*!sc*/
.kKfHOZ a:hover{color:var(--colors-colorForeground-brand,var(--colors-primary-main,#E01A22));-webkit-text-decoration:none;text-decoration:none;}/*!sc*/
.kKfHOZ a:active{color:var(--colors-colorForeground-primary,var(--colors-text-primary,#212121));-webkit-text-decoration:none;text-decoration:none;}/*!sc*/
.kKfHOZ a:focus-visible{outline-offset:0.125rem;outline:0.125rem solid var(--colors-colorExtended-focusState-default,var(--colors-info-main,#2670EE));box-shadow:0px 0px 0px 0.375rem rgb(255 255 255 / 90%);border-radius:var(--borderRadius-sm,4px);}/*!sc*/
.kKfHOZ a[target='_blank']{padding-right:20px;white-space:nowrap;}/*!sc*/
.kKfHOZ a[target='_blank']::after{text-align:right;right:-2px;position:absolute;content:url("data:image/svg+xml,%3Csvg xmlns='http://www.w3.org/2000/svg' width='18' height='18' viewBox='0 0 24 18' color='%23212121'%3E%3Cg fill='none' fill-rule='evenodd'%3E%3Cpath stroke='currentColor' stroke-linecap='round' stroke-linejoin='round' stroke-width='2' vector-effect='non-scaling-stroke' d='M17,13.0666667 L17,18.2666667 C17,19.2239602 16.2239602,20 15.2666667,20 L5.73333333,20 C4.77603977,20 4,19.2239602 4,18.2666667 L4,8.73333333 C4,7.77603977 4.77603977,7 5.73333333,7 L10.9333333,7 M15,4 L20,4 L20,9 M11,13 L20,4'%3E%3C/path%3E%3C/g%3E%3C/svg%3E");}/*!sc*/
.kKfHOZ a[target='_blank']:focus::after{margin-right:-4px;padding-right:2px;content:url("data:image/svg+xml,%3Csvg xmlns='http://www.w3.org/2000/svg' width='18' height='18' viewBox='0 0 24 18' color='%23212121'%3E%3Cg fill='none' fill-rule='evenodd'%3E%3Cpath stroke='currentColor' stroke-linecap='round' stroke-linejoin='round' stroke-width='2' vector-effect='non-scaling-stroke' d='M17,13.0666667 L17,18.2666667 C17,19.2239602 16.2239602,20 15.2666667,20 L5.73333333,20 C4.77603977,20 4,19.2239602 4,18.2666667 L4,8.73333333 C4,7.77603977 4.77603977,7 5.73333333,7 L10.9333333,7 M15,4 L20,4 L20,9 M11,13 L20,4'%3E%3C/path%3E%3C/g%3E%3C/svg%3E");}/*!sc*/
.kKfHOZ a[target='_blank']:hover::after{content:url("data:image/svg+xml,%3Csvg xmlns='http://www.w3.org/2000/svg' width='18' height='18' viewBox='0 0 24 18' color='%23E01A22'%3E%3Cg fill='none' fill-rule='evenodd'%3E%3Cpath stroke='currentColor' stroke-linecap='round' stroke-linejoin='round' stroke-width='2' vector-effect='non-scaling-stroke' d='M17,13.0666667 L17,18.2666667 C17,19.2239602 16.2239602,20 15.2666667,20 L5.73333333,20 C4.77603977,20 4,19.2239602 4,18.2666667 L4,8.73333333 C4,7.77603977 4.77603977,7 5.73333333,7 L10.9333333,7 M15,4 L20,4 L20,9 M11,13 L20,4'%3E%3C/path%3E%3C/g%3E%3C/svg%3E");}/*!sc*/
data-styled.g916[id="sc-ca782366-0"]{content:"kKfHOZ,"}/*!sc*/
.GgyJX{display:grid;max-width:1440px;grid-template-columns:1fr;-webkit-column-gap:1rem;column-gap:1rem;padding:0 1.5rem 0;margin:0 auto;}/*!sc*/
@media (min-width:768px){.GgyJX{padding:0 1.5rem 0;}}/*!sc*/
@media (min-width:1024px){.GgyJX{-webkit-column-gap:1.5rem;column-gap:1.5rem;grid-template-columns:16.125rem 1fr;padding:0 2rem 3rem;}.GgyJX.is-ep-landing{grid-template-columns:auto;}.GgyJX .sc-be0ce25-0{margin-left:-1.5rem;}}/*!sc*/
@media (min-width:1200px){.GgyJX{padding:0 3rem 3rem;grid-template-columns:17.25rem 1fr;}}/*!sc*/
data-styled.g918[id="sc-ca782366-2"]{content:"GgyJX,"}/*!sc*/
.jhOHzM{grid-column:1;min-width:0;padding-bottom:1.5rem;}/*!sc*/
@media (max-width:1023px){.jhOHzM{padding-bottom:0;}}/*!sc*/
@media (min-width:1024px){}/*!sc*/
@media (max-width:1023px){.jhOHzM.current-level-3 .show-as-pills{display:none;}}/*!sc*/
.is-search .sc-ca782366-3,.is-pcp-landing .jhOHzM,.is-ep-landing .jhOHzM,.is-on-special .jhOHzM{padding-bottom:0;}/*!sc*/
@media (min-width:1024px){.jhOHzM{padding-top:3rem;padding-right:0.5rem;}}/*!sc*/
data-styled.g919[id="sc-ca782366-3"]{content:"jhOHzM,"}/*!sc*/
.jorIA{margin:0 0 1.5rem;}/*!sc*/
data-styled.g920[id="sc-ca782366-4"]{content:"jorIA,"}/*!sc*/
.eEiVdF{position:relative;grid-column:1;min-width:0;}/*!sc*/
.eEiVdF .sc-c90b3ee2-0{display:none;}/*!sc*/
@media (min-width:1024px){.eEiVdF{padding-top:0.5rem;grid-column:2;}.is-ep-landing .sc-ca782366-5{grid-column:1;}.eEiVdF .sc-c90b3ee2-0{display:-webkit-box;display:-webkit-flex;display:-ms-flexbox;display:flex;padding:1.5rem 0;}}/*!sc*/
.eEiVdF:after{content:'';position:absolute;top:0;left:-1.5rem;width:1px;height:calc(100% + 96px);display:none;border-left:1px solid var(--colors-colorBorder-tertiary,#E0E0E0);}/*!sc*/
@media (min-width:1024px){.eEiVdF:after{display:block;}}/*!sc*/
data-styled.g921[id="sc-ca782366-5"]{content:"eEiVdF,"}/*!sc*/
.fIndLK{display:grid;grid-template-columns:1fr;grid-auto-flow:dense;-webkit-column-gap:0;column-gap:0;row-gap:0.5rem;margin:0 -1rem;padding:1rem 0;}/*!sc*/
.fIndLK:before{content:'1';position:absolute;top:0;left:0;width:1px;height:1px;overflow:hidden;}/*!sc*/
@media (min-width:480px){.fIndLK{grid-template-columns:repeat(2,1fr);gap:1rem;margin:0;}.fIndLK:before{content:'2';}}/*!sc*/
@media (min-width:768px){.fIndLK{grid-template-columns:repeat(3,1fr);}.fIndLK:before{content:'3';}}/*!sc*/
@media only screen and (min-width:900px){.fIndLK{grid-template-columns:repeat(4,1fr);}.fIndLK:before{content:'4';}}/*!sc*/
@media (min-width:1024px){.fIndLK{grid-template-columns:repeat(3,1fr);gap:1.5rem;}.fIndLK:before{content:'3';}}/*!sc*/
@media (min-width:1200px){.fIndLK{grid-template-columns:repeat(4,1fr);gap:1.5rem;}.fIndLK:before{content:'4';}}/*!sc*/
@media (min-width:1344px){.fIndLK{grid-template-columns:repeat(5,1fr);}.fIndLK:before{content:'5';}}/*!sc*/
data-styled.g922[id="sc-ca782366-6"]{content:"fIndLK,"}/*!sc*/
.kNeoNW{-webkit-scroll-margin-top:200px;-moz-scroll-margin-top:200px;-ms-scroll-margin-top:200px;scroll-margin-top:200px;}/*!sc*/
@media (max-width:1023px){.kNeoNW{padding-bottom:1.5rem;}}/*!sc*/
@media (min-width:1024px){.kNeoNW{padding-bottom:3rem;}}/*!sc*/
data-styled.g1305[id="sc-9cf71633-0"]{content:"kNeoNW,"}/*!sc*/
.ecHFET{position:relative;}/*!sc*/
.ecHFET .sc-4c55784c-0{z-index:1000;}/*!sc*/
.ecHFET .skip-to-content{position:absolute;top:1.5rem;left:0.5rem;}/*!sc*/
data-styled.g1306[id="sc-9cf71633-1"]{content:"ecHFET,"}/*!sc*/
.gwUgCg{-webkit-box-flex:1;-webkit-flex-grow:1;-ms-flex-positive:1;flex-grow:1;}/*!sc*/
@media (min-width:1024px){.sc-ca782366-3 .sc-d6adea4f-2{display:none;}}/*!sc*/
@media (max-width:1023px){.gwUgCg{margin-top:1rem;}.sc-ca782366-5 .sc-d6adea4f-2{display:none;}}/*!sc*/
data-styled.g1413[id="sc-d6adea4f-2"]{content:"gwUgCg,"}/*!sc*/
.VDldz{display:none;}/*!sc*/
.VDldz ul{display:-webkit-box;display:-webkit-flex;display:-ms-flexbox;display:flex;-webkit-flex-wrap:wrap;-ms-flex-wrap:wrap;flex-wrap:wrap;}/*!sc*/
.VDldz ul li{margin:0 0.5rem 0.5rem 0;}/*!sc*/
.VDldz ul li > button{height:2rem;}/*!sc*/
.VDldz ul li > button{display:-webkit-box;display:-webkit-flex;display:-ms-flexbox;display:flex;-webkit-box-pack:center;-webkit-justify-content:center;-ms-flex-pack:center;justify-content:center;width:100%;position:relative;white-space:nowrap;}/*!sc*/
@media (max-width:479px){.VDldz ul li > button{padding-right:2rem;}}/*!sc*/
.VDldz ul li > button svg{width:1.5rem;height:1.5rem;}/*!sc*/
.VDldz ul li > button .icon-end svg{width:1rem;height:1rem;}/*!sc*/
.VDldz ul li > button svg:first-child{margin-right:5px;}/*!sc*/
.VDldz ul li > button:hover{-webkit-text-decoration:none;text-decoration:none;}/*!sc*/
.VDldz ul li.selected button{border:2px solid var(--colors-colorBorder-primary,#212121);color:inherit;-webkit-text-decoration:none;text-decoration:none;}/*!sc*/
@media (max-width:479px){.VDldz ul li.selected button{padding-right:2rem;}}/*!sc*/
.VDldz ul li.selected.Special button{border:none;background-color:var(--colors-colorExtended-specials-default,#FEDC02);color:inherit;}/*!sc*/
.VDldz ul li.selected.ColesBrands button{background-color:var(--colors-colorBackground-brand-default,var(--colors-primary-main,#E01A22));color:var(--colors-colorForeground-inverse,var(--colors-common-white,#FFFFFF));border:1px solid var(--colors-colorBackground-brand-active,#960319);}/*!sc*/
.VDldz ul li.selected.HalfPrice button{background-color:var(--colors-colorExtended-specials-default,#FEDC02);color:var(--colors-colorForeground-primary,var(--colors-text-primary,#212121));border:1px solid var(--colors-colorExtended-specials-active,#CE9E03);}/*!sc*/
.VDldz ul li.selected.BoughtBefore button{border:none;background-color:var(--colors-colorExtended-boughtbefore-default,#0347A0);color:var(--colors-colorForeground-inverse,var(--colors-common-white,#FFFFFF));}/*!sc*/
.VDldz ul li.All{position:relative;margin-left:2rem;}/*!sc*/
.VDldz ul li.All::before{content:'';display:block;background-color:var(--colors-colorBorder-tertiary,#E0E0E0);width:1px;height:2rem;position:absolute;left:-1.25rem;}/*!sc*/
@media (min-width:1024px){.VDldz{display:-webkit-box;display:-webkit-flex;display:-ms-flexbox;display:flex;width:100%;}}/*!sc*/
data-styled.g1450[id="sc-a1a333ef-0"]{content:"VDldz,"}/*!sc*/
.hzsplk{font-family:var(--typography-body_300-fontFamily,var(--typography-body-fontFamily,"SourceSansPro","Lucida Sans",sans-serif));font-size:var(--typography-body_300-fontSize,1rem);line-height:var(--typography-body_300-lineHeight,1.5rem);font-weight:var(--typography-body_300-fontWeight,400);-webkit-letter-spacing:var(--typography-body_300-letterSpacing,0px);-moz-letter-spacing:var(--typography-body_300-letterSpacing,0px);-ms-letter-spacing:var(--typography-body_300-letterSpacing,0px);letter-spacing:var(--typography-body_300-letterSpacing,0px);font-style:var(--typography-body_300-fontStyle,normal);display:-webkit-box;display:-webkit-flex;display:-ms-flexbox;display:flex;-webkit-flex-direction:column;-ms-flex-direction:column;flex-direction:column;padding-right:1rem;color:var(--colors-colorForeground-primary,var(--colors-text-primary,#212121));-webkit-align-items:center;-webkit-box-align:center;-ms-flex-align:center;align-items:center;white-space:nowrap;}/*!sc*/
data-styled.g1451[id="sc-a1a333ef-1"]{content:"hzsplk,"}/*!sc*/
.eorNdp{padding:1rem 0;}/*!sc*/
.eorNdp .Special.hide-chips{display:none;}/*!sc*/
.eorNdp ul{display:-webkit-box;display:-webkit-flex;display:-ms-flexbox;display:flex;-webkit-flex-wrap:wrap;-ms-flex-wrap:wrap;flex-wrap:wrap;-webkit-box-pack:center;-webkit-justify-content:center;-ms-flex-pack:center;justify-content:center;-webkit-column-gap:0.5rem;column-gap:0.5rem;row-gap:0.625rem;}/*!sc*/
.eorNdp ul li{-webkit-flex:1;-ms-flex:1;flex:1;}/*!sc*/
.eorNdp ul li > button{height:40px;}/*!sc*/
.eorNdp ul li > button .icon-end{position:absolute;right:calc(0.15rem + 2%);right:min(1.125rem,calc(0.15rem + 3%));}/*!sc*/
.eorNdp ul li > button{display:-webkit-box;display:-webkit-flex;display:-ms-flexbox;display:flex;-webkit-box-pack:center;-webkit-justify-content:center;-ms-flex-pack:center;justify-content:center;width:100%;position:relative;white-space:nowrap;}/*!sc*/
@media (max-width:479px){.eorNdp ul li > button{padding-right:2rem;}}/*!sc*/
.eorNdp ul li > button svg{width:1.5rem;height:1.5rem;}/*!sc*/
.eorNdp ul li > button .icon-end svg{width:1rem;height:1rem;}/*!sc*/
.eorNdp ul li > button svg:first-child{margin-right:5px;}/*!sc*/
.eorNdp ul li > button:hover{-webkit-text-decoration:none;text-decoration:none;}/*!sc*/
.eorNdp ul li.selected button{border:2px solid var(--colors-colorBorder-primary,#212121);color:inherit;-webkit-text-decoration:none;text-decoration:none;}/*!sc*/
@media (max-width:479px){.eorNdp ul li.selected button{padding-right:2rem;}}/*!sc*/
.eorNdp ul li.selected.Special button{border:none;background-color:var(--colors-colorExtended-specials-default,#FEDC02);color:inherit;}/*!sc*/
.eorNdp ul li.selected.ColesBrands button{background-color:var(--colors-colorBackground-brand-default,var(--colors-primary-main,#E01A22));color:var(--colors-colorForeground-inverse,var(--colors-common-white,#FFFFFF));border:1px solid var(--colors-colorBackground-brand-active,#960319);}/*!sc*/
.eorNdp ul li.selected.HalfPrice button{background-color:var(--colors-colorExtended-specials-default,#FEDC02);color:var(--colors-colorForeground-primary,var(--colors-text-primary,#212121));border:1px solid var(--colors-colorExtended-specials-active,#CE9E03);}/*!sc*/
.eorNdp ul li.selected.BoughtBefore button{border:none;background-color:var(--colors-colorExtended-boughtbefore-default,#0347A0);color:var(--colors-colorForeground-inverse,var(--colors-common-white,#FFFFFF));}/*!sc*/
@media (min-width:1024px){.eorNdp{display:none;}}/*!sc*/
data-styled.g1455[id="sc-9785c56e-0"]{content:"eorNdp,"}/*!sc*/
.eohAmK{display:-webkit-box;display:-webkit-flex;display:-ms-flexbox;display:flex;-webkit-flex-wrap:wrap;-ms-flex-wrap:wrap;flex-wrap:wrap;width:100%;-webkit-box-pack:justify;-webkit-justify-content:space-between;-ms-flex-pack:justify;justify-content:space-between;-webkit-align-items:center;-webkit-box-align:center;-ms-flex-align:center;align-items:center;}/*!sc*/
.eohAmK button.toggle-filter-drawer-button{margin-left:auto;}/*!sc*/
.eohAmK .sort-dropdown{width:auto;margin-left:auto;}/*!sc*/
@media (min-width:1024px){.eohAmK{margin-top:1.5rem;}.eohAmK button.toggle-filter-drawer-button{display:none;}}/*!sc*/
data-styled.g1456[id="sc-337afa1b-0"]{content:"eohAmK,"}/*!sc*/
.ivCLuC{color:var(--colors-colorForeground-secondary,#6F6F6F);font-family:var(--typography-body_200-fontFamily,var(--typography-body-fontFamily,"SourceSansPro","Lucida Sans",sans-serif));font-size:var(--typography-body_200-fontSize,0.875rem);line-height:var(--typography-body_200-lineHeight,1.25rem);font-weight:var(--typography-body_200-fontWeight,400);-webkit-letter-spacing:var(--typography-body_200-letterSpacing,0.16px);-moz-letter-spacing:var(--typography-body_200-letterSpacing,0.16px);-ms-letter-spacing:var(--typography-body_200-letterSpacing,0.16px);letter-spacing:var(--typography-body_200-letterSpacing,0.16px);font-style:var(--typography-body_200-fontStyle,normal);padding:0.5rem 0;}/*!sc*/
data-styled.g1457[id="sc-337afa1b-1"]{content:"ivCLuC,"}/*!sc*/
.eFKNXN footer{border-top:1px solid var(--colors-colorBorder-tertiary,#E0E0E0);}/*!sc*/
data-styled.g1462[id="sc-8b8489c3-0"]{content:"eFKNXN,"}/*!sc*/
</style></head><body><div id="__next"><div class="sc-9cf71633-1 ecHFET"><a class="sc-745d6c85-0-a sc-4c55784c-0 kboIkW lmuwI skip-to-content coles-targeting-ButtonButton button  coles-targeting-ButtonButton button " href="#skipto-main-content" data-testid="skip-button-anchor"><span aria-hidden="false" class="sc-d1851dcf-0 nqwlO coles-targeting-ButtonButtonChildContainer">Skip to main content</span></a><header id="coles-targeting-header-container" class="sc-407512d8-0 hUYkhY coles-targeting-HeaderContainerHeaderContainer"><div class="sc-a79cc037-10 cIlyaX coles-targeting-HeaderHeaderTopWrapper"><div data-testid="header" class="sc-a79cc037-11 jCavGj coles-targeting-HeaderHeaderContainer"><div class="sc-a79cc037-7 bPCEHJ coles-targeting-HeaderHeaderMain"><button data-testid="header-hamburger" aria-label="Menu" class="sc-745d6c85-0 sc-a79cc037-6 iNNAph dpUMju header-hamburger coles-targeting-ButtonButton button iconOnly coles-targeting-ButtonButton button iconOnly"><span aria-hidden="false" class="sc-d1851dcf-0 dkuWoK coles-targeting-ButtonButtonChildContainer"><svg focusable="false" xmlns="http://www.w3.org/2000/svg" width="24" height="24" viewBox="0 0 24 24"><g fill="none" fill-rule="evenodd"><path stroke="currentColor" stroke-linecap="round" stroke-linejoin="round" stroke-width="2" vector-effect="non-scaling-stroke" d="M3,12 L21,12 M3,6 L21,6 M3,18 L21,18"></path></g></svg></span></button><a aria-label="Coles Home" data-testid="header-logo-link" href="/"><div data-testid="header-logo" class="sc-919aefbd-0 eLROkp coles-targeting-BrandLogoLogoWrapper"><svg focusable="false" xmlns="http://www.w3.org/2000/svg" width="103" height="32" viewBox="0 0 103 32" role="img" aria-labelledby="colesTitle"><title id="colesTitle">Coles</title><g fill-rule="evenodd"><path d="M94.9513 17.3938L92.0453 16.7406C89.7084 16.205 88.2607 15.5385 88.2607 13.8643C88.2607 12.3607 89.7242 11.4257 92.0782 11.4257C95.0711 11.4257 96.7217 12.6159 96.8508 14.8693L96.8534 14.9103H101.667V14.8667C101.667 12.6556 100.795 10.787 99.1455 9.46458C97.4752 8.12629 95.0922 7.41879 92.2521 7.41879C89.5095 7.41879 87.224 8.10381 85.6419 9.39979C84.0914 10.6693 83.272 12.4691 83.272 14.6048C83.272 16.4695 83.8385 17.8316 85.0544 18.8895C86.1609 19.8522 87.8655 20.5941 90.4197 21.2236L93.8474 22.095C96.1842 22.6822 97.3725 23.2667 97.3725 24.8404C97.3725 26.6944 95.6257 27.8449 92.8159 27.8449C89.4383 27.8449 87.6929 26.4908 87.4795 23.7031L87.4769 23.6013H82.6213V23.7058C82.6213 28.9373 86.1793 31.9392 92.3825 31.9392C95.4755 31.9392 98.0166 31.2264 99.7304 29.8762C101.423 28.5458 102.318 26.5926 102.318 24.2308C102.318 19.9263 99.7291 18.5073 94.9513 17.3938ZM76.4115 16.6123C75.3419 13.0682 72.2923 11.7947 70.0542 11.7934H70.0529H70.0516C67.8135 11.7947 64.7639 13.0682 63.693 16.6123H76.4115ZM81.7123 19.5586C81.7137 19.9765 81.6952 20.3878 81.6623 20.7885H76.7224V20.7845H63.3834C63.8971 24.7994 66.8031 27.3199 70.0529 27.3186C72.4543 27.3186 74.6674 25.9393 75.8662 23.6013H81.1472C79.5954 28.8156 75.0613 32.0013 70.0542 31.9987H70.0529H70.0516C63.855 32.0026 58.379 27.1216 58.3934 19.5586C58.3803 10.4339 65.2829 7.35929 70.0516 7.35664H70.0529H70.0542C74.8242 7.35929 81.7255 10.4339 81.7123 19.5586ZM51.421 0.00132242L51.417 31.397L56.7969 31.3983L56.7956 0L51.421 0.00132242ZM44.9174 19.679C44.9174 15.5953 41.6202 12.2866 37.5537 12.2866C33.4872 12.2866 30.1887 15.5953 30.1887 19.679C30.1887 23.76 33.4872 27.07 37.5537 27.07C41.6202 27.07 44.9174 23.76 44.9174 19.679ZM49.827 19.679C49.827 26.4842 44.3325 32 37.5537 32C30.7749 32 25.2791 26.4842 25.2791 19.679C25.2791 12.8738 30.7749 7.35796 37.5537 7.35796C44.3325 7.35796 49.827 12.8738 49.827 19.679ZM4.90959 19.6803C4.90959 23.7613 8.2068 27.0713 12.2746 27.0713C15.2702 27.0713 17.8455 25.2742 18.9955 22.6981H24.1752C22.8341 28.042 18.0154 32 12.2746 32C5.49579 32 0 26.4828 0 19.6803C0 12.8738 5.49579 7.35796 12.2746 7.35796C18.0154 7.35796 22.8341 11.3147 24.1752 16.6599H18.9955C17.8455 14.0825 15.2702 12.2853 12.2746 12.2853C8.2068 12.2853 4.90959 15.5953 4.90959 19.6803Z" fill="#E01A22"></path></g></svg></div></a><div class="sc-a79cc037-8 izcgMo"></div><div data-pii="true" class="sc-a79cc037-9 lixShO search-box-wrapper coles-targeting-HeaderHeaderMain-SearchBoxContainer"><div class="sc-b232d4b1-0 hfPoqF coles-targeting-SearchInputWrapper"><div class="MuiFormControl-root MuiFormControl-fullWidth mui-style-tzsjye"><label for="search-text-input" class="sc-74a0f7a3-0 iCBDxV coles-targeting-TextInputStyledLabel">Search Products</label><div data-testid="search-modal-trigger" class="MuiInputBase-root MuiInputBase-colorPrimary MuiInputBase-formControl sc-74a0f7a3-7 igxfOP search-box-trigger search-box-trigger mui-style-oasusv"><input aria-invalid="false" aria-describedby="search-text-input-description-text search-text-input-helper-text" id="search-text-input" name="search-text-input" placeholder="Search products &amp; recipes" type="text" class="MuiInputBase-input mui-style-mnn31" value=""/></div><p class="MuiFormHelperText-root MuiFormHelperText-sizeMedium MuiFormHelperText-contained sc-74a0f7a3-6 dzJHyn coles-targeting-TextInputStyledFormHelperText mui-style-v7esy" id="search-text-input-helper-text" data-testid="search-text-input-form-helper-text"></p></div><button type="submit" data-testid="search-box-search-button" aria-label="Search" class="sc-745d6c85-0 sc-b232d4b1-1 iNNAph kIaPME search-button coles-targeting-ButtonButton button iconOnly coles-targeting-ButtonButton button iconOnly"><span aria-hidden="false" class="sc-d1851dcf-0 dkuWoK coles-targeting-ButtonButtonChildContainer"><svg focusable="false" xmlns="http://www.w3.org/2000/svg" width="24" height="24" viewBox="0 0 24 24"><g fill="none" fill-rule="evenodd"><path stroke="currentColor" stroke-linecap="round" stroke-linejoin="round" stroke-width="2" vector-effect="non-scaling-stroke" d="M21,21 L15,15 L21,21 Z M10,3 C6.13400675,3 3,6.13400675 3,10 C3,13.8659932 6.13400675,17 10,17 C11.8565154,17 13.6369928,16.2625021 14.9497475,14.9497475 C16.2625021,13.6369928 17,11.8565154 17,10 C17,6.13400675 13.8659932,3 10,3 Z"></path></g></svg></span></button></div><div id="search-box-menu-wrapper-root"></div></div><button aria-hidden="true" tabindex="-1" data-testid="search-icon" class="sc-a79cc037-0 sc-a79cc037-1 jDbQhk bOJfnj quick-links quick-links quick-links">Search</button><button data-testid="header-brand-switcher" class="sc-a79cc037-0 sc-a79cc037-4 cQPoBC ggkNiy quick-links quick-links quick-links">More from Coles</button><button data-testid="header-user" class="sc-d43f973e-2 jTtARF quick-links quick-links">Log in / Sign up</button><button data-testid="header-shopping-lists" class="sc-a79cc037-0 sc-a79cc037-5 jIaEps dUHqIJ quick-links quick-links quick-links">Lists</button><div class="sc-da46e80-0 gdnWSz coles-targeting-HeaderTrolleyWrapper"><div data-pii="true" class="sc-fa106a14-0 eSJCVh coles-targeting-TrolleyButtonTrolleyWrapper"><button data-testid="header-trolley" aria-label="View trolley and checkout.  $0.00" class="sc-fa106a14-3 cLMVDu quick-links quick-links">$0.00</button><button data-testid="header-trolley-tablet-up" aria-label="View trolley and checkout.  $0.00" class="sc-745d6c85-0 sc-fa106a14-2 bTByLa iBdGpo quick-links coles-targeting-ButtonButton button  coles-targeting-ButtonButton button "><span aria-hidden="false" class="sc-d1851dcf-0 ivDnVb coles-targeting-ButtonButtonChildContainer"><svg focusable="false" xmlns="http://www.w3.org/2000/svg" width="24" height="24" viewBox="0 0 24 24"><g fill="none" fill-rule="evenodd"><path stroke="currentColor" stroke-linecap="round" stroke-linejoin="round" stroke-width="2" vector-effect="non-scaling-stroke" d="M8,22 C8.55228475,22 9,21.5522847 9,21 C9,20.4477153 8.55228475,20 8,20 C7.44771525,20 7,20.4477153 7,21 C7,21.5522847 7.44771525,22 8,22 Z M18,22 C18.5522847,22 19,21.5522847 19,21 C19,20.4477153 18.5522847,20 18,20 C17.4477153,20 17,20.4477153 17,21 C17,21.5522847 17.4477153,22 18,22 Z M2,3 L4.5,3 L6.68,14.39 C6.86873697,15.3402315 7.71138394,16.0185624 8.68,16 L17.4,16 C18.3686161,16.0185624 19.211263,15.3402315 19.4,14.39 L21,7 L5.5,7"></path></g></svg><span class="sc-fa106a14-1 iPvhLG">$0.00</span></span></button></div></div></div></div></div><div class="sc-a79cc037-12 dXa-dXu coles-targeting-HeaderHeaderBottomWrapper"><div class="sc-a79cc037-11 jCavGj coles-targeting-HeaderHeaderContainer"><div class="sc-7a83d031-0 eBvIXX header-bottom-wrapper header-bottom-wrapper" data-testid="header-bottom-wrapper"><ul data-testid="header-bottom-nav-links" class="sc-7a83d031-1 sc-7a83d031-2 dIaMEX dCJhVX coles-targeting-HeaderHeaderBottomLinksWrapper"><li><a data-testid="header-link-shop-categories" class="sc-3305d11e-1 dAytCA sc-7a83d031-4 dwkkCo shop-categories shop-categories link coles-targeting-NavLinkLink" href="/browse"><svg focusable="false" xmlns="http://www.w3.org/2000/svg" width="24" height="24" viewBox="0 0 24 24"><g fill="none" fill-rule="evenodd"><path stroke="currentColor" stroke-linecap="round" stroke-linejoin="round" stroke-width="2" vector-effect="non-scaling-stroke" d="M10.5,3 C10.5,7 13,8 13,12 C13,14.6666667 13,17.3333333 13,20 C13,20.5522847 12.5522847,21 12,21 L5,21 C4.44771525,21 4,20.5522847 4,20 C4,17.3333333 4,14.6666667 4,12 C4,8 6.5,7 6.5,3 M4,12 L13,12 L13,16 L4,16 L4,12 Z M5,3 L12,3 M16,21 L19,21 L19,13 C20.3333333,12.5680607 21,11.9013941 21,11 C21,9.88822195 18.8448121,6.91185821 14.5,6"></path></g></svg><span class="sc-3305d11e-0 gtecbS coles-targeting-NavLinkLabel"><span>Shop products</span></span></a></li><li><a data-testid="nav-link" class="sc-3305d11e-1 dAytCA sc-7a83d031-4 dwkkCo coles-targeting-HeaderHeaderBottomNavLink link coles-targeting-NavLinkLink" href="/bought-before"><span class="sc-3305d11e-0 gtecbS coles-targeting-NavLinkLabel"><span>Bought before</span></span></a></li><li><a data-testid="nav-link" class="sc-3305d11e-1 dAytCA sc-7a83d031-4 dwkkCo coles-targeting-HeaderHeaderBottomNavLink link coles-targeting-NavLinkLink" href="/on-special"><span class="sc-3305d11e-0 gtecbS coles-targeting-NavLinkLabel"><span>Specials</span></span></a></li><li><a data-testid="nav-link" class="sc-3305d11e-1 dAytCA sc-7a83d031-4 dwkkCo link link link coles-targeting-NavLinkLink" href="/catalogues"><span class="sc-3305d11e-0 gtecbS coles-targeting-NavLinkLabel"><span>Catalogues</span></span></a></li><li><a data-testid="nav-link" class="sc-3305d11e-1 dAytCA sc-7a83d031-4 dwkkCo coles-targeting-HeaderHeaderBottomNavLink link coles-targeting-NavLinkLink" href="/offers"><span class="sc-3305d11e-0 gtecbS coles-targeting-NavLinkLabel"><span>Offers &amp; promotions</span></span></a></li><li><a data-testid="nav-link" class="sc-3305d11e-1 dAytCA sc-7a83d031-4 dwkkCo coles-targeting-HeaderHeaderBottomNavLink link coles-targeting-NavLinkLink" href="/recipes-inspiration"><span class="sc-3305d11e-0 gtecbS coles-targeting-NavLinkLabel"><span>Recipes &amp; inspiration</span></span></a></li><li><a id="colesPlus" role="button" data-testid="nav-link" class="sc-3305d11e-1 dAytCA sc-7a83d031-4 dwkkCo coles-targeting-HeaderHeaderBottomNavLink link coles-targeting-NavLinkLink" aria-label="Coles Plus" href="/browse/[...slug]"><svg class="coles-plus-logo" focusable="false" viewBox="0 0 495 171" fill="none" xmlns="http://www.w3.org/2000/svg"><title>Coles Plus Logo</title><path fill="#E01A22" d="M65.1 76.9C60.6 59.2 42.7 48.5 25 53 7.3 57.4-3.5 75.4 1 93.1c4.5 17.7 22.4 28.4 40.1 23.9 11.8-3 21-12.2 23.9-23.9H51.2c-4.5 10-16.2 14.5-26.2 10S10.5 86.9 15 76.9s16.2-14.5 26.2-10c4.5 2 8 5.6 10 10h13.9Zm69.1 8.1c0-18.3-14.8-33.1-33-33.1-18.3 0-33.1 14.8-33.1 33 0 18.3 14.8 33.1 33 33.1 18.3.1 33.1-14.7 33.1-33ZM121 85c0 11-8.9 19.8-19.8 19.8S81.3 96 81.3 85s8.9-19.8 19.8-19.8c11 0 19.9 8.9 19.9 19.8Zm17.5-52.8H153v84.2h-14.5V32.2ZM219.9 88c.1-1.1.1-2.2.1-3.3 0-24.5-18.6-32.7-31.4-32.7-12.8 0-31.4 8.3-31.4 32.7 0 20.3 14.7 33.4 31.4 33.4 13.9 0 26.1-9.2 29.9-22.5h-14.2c-2.9 6-9 9.9-15.7 10-8.7 0-16.6-6.7-18-17.5l49.3-.1Zm-31.3-24.2c8 0 15 5.3 17.1 12.9h-34.2c2.2-7.6 9.2-12.9 17.1-12.9Zm60.2 54.1c-16.7 0-26.3-8-26.3-22.1v-.3h13.1v.3c.6 7.5 5.3 11.1 14.4 11.1 7.6 0 12.3-3.1 12.3-8.1 0-4.2-3.2-5.8-9.5-7.4l-9.2-2.3c-5.2-.9-10.2-3.1-14.4-6.3-3.3-2.9-5.1-7.1-4.8-11.5-.2-5.4 2.2-10.6 6.4-14 5.2-3.8 11.4-5.6 17.8-5.3 6.6-.3 13.2 1.6 18.6 5.5 4.4 3.5 6.9 8.9 6.8 14.5v.1h-13V72c-.3-6-4.8-9.2-12.9-9.2-6.3 0-10.3 2.5-10.3 6.5 0 4.5 3.9 6.3 10.2 7.7l7.8 1.8c12.9 3 19.8 6.8 19.8 18.3.2 5.9-2.4 11.5-7 15.1-5.9 4.1-12.8 6.1-19.8 5.7Z"></path><path fill="#303840" d="M347.2 62.7h10v6.5c3.2-4.5 8.4-7.9 15.8-7.9 15.6 0 22.2 13.3 22.2 24.1 0 12.7-9 23.4-22.1 23.4-8.7 0-13.4-4.5-15.2-7.3V123h-10.7V62.7ZM384.6 85c0-6.4-4.6-13.8-13.7-13.8-3.9 0-7.2 1.5-9.7 4.1-2.4 2.4-3.8 5.9-3.8 9.9 0 3.8 1.5 7.2 3.9 9.7 2.4 2.4 5.9 4 9.7 4 8.1-.1 13.6-6.5 13.6-13.9Zm14.9-37.9h10.7v60.2h-10.7V47.1Zm57.6 60.2h-10v-5.9c-1.9 3.5-5.9 7.4-13.9 7.3-14.7-.1-17.4-11.2-17.4-19.1v-27h10.7V87c0 6.6 2.2 11.8 9.8 11.7 7.7 0 10.3-5 10.3-11.4V62.7h10.7v44.6h-.2Zm25.5-32.6c-.1-2.4-1.3-4.8-5.5-4.8-3.6 0-5.3 2.3-5.3 4.5.1 2.8 3.3 4.4 7.6 5.6 7.2 2 14.9 4.1 15 13.7.2 9.2-7.6 15.1-16.9 15.1-6.9 0-16.3-3.6-17.1-14.4h10.7c.4 4.8 4.6 5.8 6.6 5.8 3.3 0 6.2-2.2 6.1-5.2 0-3.8-3.3-4.9-11.6-7.7-6-1.9-10.9-5.2-11-11.6 0-8.8 7.4-14.2 16-14.2 6 0 15 2.7 15.9 13.4h-10.5v-.2Z"></path><path fill="#E01A22" d="M441.9 118.2c-3.3 6.3-7.6 12.1-12.7 17.2-13.4 13.4-31.3 20.8-50.3 20.8-19 0-36.9-7.4-50.3-20.8-13.4-13.4-20.8-31.3-20.8-50.3 0-19 7.4-36.9 20.8-50.3C342.1 21.4 359.9 14 378.9 14c19 0 36.9 7.4 50.3 20.8 5.1 5.1 9.4 10.9 12.7 17.2h15.3l-.1-.1c-4.3-10-10.4-19.1-18.1-26.8C422.9 8.8 401.6 0 378.9 0c-22.7 0-44.1 8.8-60.1 24.9-16.1 16.1-25 37.4-25 60.1 0 22.7 8.8 44.1 24.9 60.1 16.1 16.1 37.4 24.9 60.1 24.9 22.7 0 44.1-8.8 60.1-24.9 7.8-7.8 13.9-16.8 18.1-26.8l.1-.1h-15.2Z"></path></svg></a></li><li class="nav-overflow"><button id="navigation-component-button" data-testid="navigation-component-button" aria-expanded="false" class="sc-745d6c85-0 sc-59d7bcaa-1 jYxuBe hHQQOk coles-targeting-ButtonButton button  coles-targeting-ButtonButton button "><span aria-hidden="false" class="sc-d1851dcf-0 bNoITj coles-targeting-ButtonButtonChildContainer">More<svg focusable="false" xmlns="http://www.w3.org/2000/svg" width="24" height="24" viewBox="0 0 24 24"><g fill="none" fill-rule="evenodd"><polyline stroke="currentColor" stroke-linecap="round" stroke-linejoin="round" stroke-width="2" vector-effect="non-scaling-stroke" points="18 10 12 16 6 10"></polyline></g></svg></span></button></li></ul><div data-pii="true" class="sc-7a83d031-3 fnXNDG coles-targeting-HeaderHeaderBottomLocationWrapper"><button id="delivery-selector-button" data-testid="delivery-selector-button" aria-expanded="false" class="sc-745d6c85-0 sc-9a46e4f9-1 jYxuBe VKNnS coles-targeting-ButtonButton button  coles-targeting-ButtonButton button "><span aria-hidden="false" class="sc-d1851dcf-0 dJnOhO coles-targeting-ButtonButtonChildContainer"><svg focusable="false" xmlns="http://www.w3.org/2000/svg" width="24" height="24" viewBox="0 0 24 24"><g fill="none" fill-rule="evenodd"><path stroke="currentColor" stroke-linecap="round" stroke-linejoin="round" stroke-width="2" vector-effect="non-scaling-stroke" d="M12,13 C13.6568542,13 15,11.6568542 15,10 C15,8.34314575 13.6568542,7 12,7 C10.3431458,7 9,8.34314575 9,10 C9,11.6568542 10.3431458,13 12,13 Z M12,21 C16.6666667,17.4 19,13.8 19,10.2 C19,6.15 15.8659932,3 12,3 C8.13400675,3 5,6.2235498 5,10.2 C5,13.8 7.33333333,17.4 12,21 Z"></path></g></svg><span data-pii="true">Set shopping method</span><svg focusable="false" xmlns="http://www.w3.org/2000/svg" width="24" height="24" viewBox="0 0 24 24"><g fill="none" fill-rule="evenodd"><polyline stroke="currentColor" stroke-linecap="round" stroke-linejoin="round" stroke-width="2" vector-effect="non-scaling-stroke" points="18 10 12 16 6 10"></polyline></g></svg></span></button></div></div></div></div></header><div id="coles-targeting-main-container" tabindex="-1" class="sc-9cf71633-0 kNeoNW coles-targeting-StoreLayoutMain"><div class="sc-ca782366-2 GgyJX is-pcp is-pcp"><div class="sc-ca782366-3 jhOHzM current-level-1 current-level-1" id="coles-targeting-browse-nav-container"><a id="skipto-main-content" href="#skipto-product-items" class="sc-745d6c85-0-a sc-4c55784c-0 kboIkW lmuwI coles-targeting-ButtonButton button  coles-targeting-ButtonButton button " data-testid="skip-button-anchor"><span aria-hidden="false" class="sc-d1851dcf-0 nqwlO coles-targeting-ButtonButtonChildContainer">Skip to product items</span></a><div data-testid="mobile-filters" aria-labelledby="filters-mobile" class="sc-9785c56e-0 eorNdp coles-targeting-FilterShortcutsChipWrapper-Mobile"><span class="sr-only" id="filters-mobile">Current filters mobile, click to change</span><ul><li class="false Special"><button class="sc-1a1f935e-0 fLUYIy chip-button  coles-targeting-ChipDefaultChip" aria-pressed="false" data-testid="filters-mobile-filter_Special"><span class="icon-start"><svg width="24" height="24" viewBox="0 0 24 24" fill="none" xmlns="http://www.w3.org/2000/svg"><path d="M11.9 3C16.82 3 20.8 6.98 20.8 11.9C20.8 16.82 16.82 20.8 11.9 20.8C6.98 20.8 3 16.82 3 11.9C3 6.98 6.98 3 11.9 3ZM11.9 0C5.34 0 0 5.34 0 11.9C0 18.46 5.34 23.8 11.9 23.8C18.46 23.8 23.8 18.46 23.8 11.9C23.8 5.34 18.46 0 11.9 0Z" fill="#E01A22"></path><path d="M11.9 20.8C16.8153 20.8 20.8 16.8153 20.8 11.9C20.8 6.98467 16.8153 3 11.9 3C6.98467 3 3 6.98467 3 11.9C3 16.8153 6.98467 20.8 11.9 20.8Z" fill="white"></path><path d="M11.12 18.4301H12.86V16.6001C13.29 16.4801 13.68 16.2801 14 16.0001C14.32 15.7201 14.55 15.3901 14.72 15.0001C14.89 14.6301 14.97 14.2101 14.97 13.7701C14.97 13.0901 14.82 12.5101 14.5 12.0501C14.18 11.5901 13.66 11.2501 12.94 10.9801L12.55 10.8601C12.25 10.7801 12 10.6901 11.8 10.6001C11.59 10.5201 11.43 10.4101 11.29 10.2501C11.14 10.1001 11.07 9.92012 11.07 9.68012C11.07 9.50012 11.11 9.32012 11.19 9.17012C11.27 9.02012 11.38 8.91012 11.52 8.81012C11.66 8.73012 11.81 8.69012 11.98 8.69012C12.22 8.69012 12.42 8.76012 12.58 8.90012C12.73 9.04012 12.84 9.25012 12.93 9.54012H14.66C14.62 8.97012 14.44 8.47012 14.12 8.04012C13.8 7.62012 13.39 7.33012 12.87 7.17012V5.37012H11.13V7.14012C10.76 7.24012 10.42 7.42012 10.13 7.67012C9.83998 7.92012 9.61998 8.22012 9.46998 8.57012C9.31998 8.92012 9.22997 9.30012 9.22997 9.71012C9.22997 10.4201 9.43998 11.0001 9.86998 11.4701C10.29 11.9401 10.96 12.3001 11.89 12.5401C12.32 12.6501 12.64 12.8001 12.85 13.0001C13.04 13.1901 13.14 13.4601 13.14 13.7901C13.14 14.0101 13.08 14.2201 12.99 14.4001C12.88 14.5801 12.73 14.7301 12.55 14.8301C12.36 14.9401 12.15 15.0001 11.91 15.0001C11.56 15.0001 11.29 14.8901 11.05 14.6701C10.81 14.4601 10.69 14.1701 10.68 13.8101H8.84998C8.84998 14.5201 9.03998 15.1101 9.42998 15.6001C9.81998 16.0801 10.39 16.4301 11.13 16.6401V18.4501L11.12 18.4301Z" fill="#212121"></path></svg></span>All Specials<!-- --> </button></li></ul></div></div><div id="coles-targeting-browse-content-container" class="sc-ca782366-5 eEiVdF coles-targeting-StylesCategoryStylesContentContainer"><ol aria-label="breadcrumb" data-testid="breadcrumbs" itemscope="" itemType="https://schema.org/BreadcrumbList" class="sc-c90b3ee2-0 dWuOFV coles-targeting-BreadcrumbsList"><li class="sc-c90b3ee2-1 eakUSm child-0 child-0" itemProp="itemListElement" itemscope="" itemType="https://schema.org/ListItem"><a itemProp="item" class="sc-856ff560-0-Component kFvJYH coles-targeting-LinkLinkInternal link" tabindex="0" target="" itemType="https://schema.org/WebPage" href="/"><span itemProp="name">Home</span></a><meta itemProp="position" content="1"/><span aria-hidden="true" data-testid="separator" class="sc-c90b3ee2-2 chCCor coles-targeting-BreadcrumbsSeparator"><svg focusable="false" xmlns="http://www.w3.org/2000/svg" width="16" height="16" viewBox="0 0 24 24"><g fill="none" fill-rule="evenodd"><polyline stroke="currentColor" stroke-linecap="round" stroke-linejoin="round" stroke-width="2" vector-effect="non-scaling-stroke" points="7 15 13 9 19 15" transform="rotate(90 13 12)"></polyline></g></svg></span></li><li class="sc-c90b3ee2-1 eakUSm child-1 child-1" itemProp="itemListElement" itemscope="" itemType="https://schema.org/ListItem"><a itemProp="item" class="sc-856ff560-0-Component kFvJYH coles-targeting-LinkLinkInternal link" tabindex="0" target="" itemType="https://schema.org/WebPage" href="/browse"><span itemProp="name">All categories</span></a><meta itemProp="position" content="2"/></li></ol><div data-testid="banner-container-desktop" class="sc-ca782366-4 jorIA coles-targeting-StylesCategoryStylesBannerContainer"><div role="presentation" data-testid="unit" class="sc-6c6b8071-0 lhIuUR coles-targeting-UnitContainer"><div><div data-testid="promo-banner-citrus" data-theme="light" data-size="regular" class="sc-bb3434ea-1 imEJKN sc-d6adea4f-2 gwUgCg coles-targeting-StylesSearchStylesBrowseCategoryBanner"><div class="banner__image" data-testid="promo-banner-image"><img alt="" data-testid="background-image" src="https://coles.flavedo.io/citrus/a6f1b995-a01f-4542-8efb-243ad7472d5e" decoding="async" data-nimg="fill" class="banner__background_image" style="position:absolute;height:100%;width:100%;left:0;top:0;right:0;bottom:0;object-fit:cover;color:transparent"/><img alt="Rokeby Protein Smoothies" data-testid="foreground-image" src="https://coles.flavedo.io/citrus/36c71567-25e5-4747-b3cd-931e4be38d7c" decoding="async" data-nimg="fill" class="product-image" style="position:absolute;height:100%;width:100%;left:0;top:0;right:0;bottom:0;object-fit:scale-down;color:transparent"/></div><div class="banner__content"><div><h2 class="banner__title" data-testid="promo-banner-title">Natural Straight - up nutrition - 30g Protein</h2></div><a data-testid="cta-button" href="/product/rokeby-farms-smoothie-dutch-chocolate-425ml-1944192" aria-label="Rokeby Dutch Chocolate Smoothie" target="" class="sc-745d6c85-0-a lgfBYh coles-targeting-ButtonButton button "><span aria-hidden="false" class="sc-d1851dcf-0 nqwlO coles-targeting-ButtonButtonChildContainer">Shop now<!-- --> </span></a></div></div></div></div></div><a style="top:-0.625rem" id="skipto-product-items" class="sc-745d6c85-0-a sc-4c55784c-0 kboIkW lmuwI coles-targeting-ButtonButton button  coles-targeting-ButtonButton button " data-testid="skip-button-anchor"><span aria-hidden="false" class="sc-d1851dcf-0 nqwlO coles-targeting-ButtonButtonChildContainer"></span></a><div class="sc-a1a333ef-0 VDldz" aria-labelledby="filters"><div aria-live="assertive" class="sr-only"></div><div id="filters" class="sc-a1a333ef-1 hzsplk">Filter by:</div><ul aria-labelledby="filters"><li class="Special filter-icon"><button class="sc-1a1f935e-0 fLUYIy chip-button  coles-targeting-ChipDefaultChip" aria-pressed="false" data-testid="Special-filter-pill"><span class="icon-start"><svg width="24" height="24" viewBox="0 0 24 24" fill="none" xmlns="http://www.w3.org/2000/svg"><path d="M11.9 3C16.82 3 20.8 6.98 20.8 11.9C20.8 16.82 16.82 20.8 11.9 20.8C6.98 20.8 3 16.82 3 11.9C3 6.98 6.98 3 11.9 3ZM11.9 0C5.34 0 0 5.34 0 11.9C0 18.46 5.34 23.8 11.9 23.8C18.46 23.8 23.8 18.46 23.8 11.9C23.8 5.34 18.46 0 11.9 0Z" fill="#E01A22"></path><path d="M11.9 20.8C16.8153 20.8 20.8 16.8153 20.8 11.9C20.8 6.98467 16.8153 3 11.9 3C6.98467 3 3 6.98467 3 11.9C3 16.8153 6.98467 20.8 11.9 20.8Z" fill="white"></path><path d="M11.12 18.4301H12.86V16.6001C13.29 16.4801 13.68 16.2801 14 16.0001C14.32 15.7201 14.55 15.3901 14.72 15.0001C14.89 14.6301 14.97 14.2101 14.97 13.7701C14.97 13.0901 14.82 12.5101 14.5 12.0501C14.18 11.5901 13.66 11.2501 12.94 10.9801L12.55 10.8601C12.25 10.7801 12 10.6901 11.8 10.6001C11.59 10.5201 11.43 10.4101 11.29 10.2501C11.14 10.1001 11.07 9.92012 11.07 9.68012C11.07 9.50012 11.11 9.32012 11.19 9.17012C11.27 9.02012 11.38 8.91012 11.52 8.81012C11.66 8.73012 11.81 8.69012 11.98 8.69012C12.22 8.69012 12.42 8.76012 12.58 8.90012C12.73 9.04012 12.84 9.25012 12.93 9.54012H14.66C14.62 8.97012 14.44 8.47012 14.12 8.04012C13.8 7.62012 13.39 7.33012 12.87 7.17012V5.37012H11.13V7.14012C10.76 7.24012 10.42 7.42012 10.13 7.67012C9.83998 7.92012 9.61998 8.22012 9.46998 8.57012C9.31998 8.92012 9.22997 9.30012 9.22997 9.71012C9.22997 10.4201 9.43998 11.0001 9.86998 11.4701C10.29 11.9401 10.96 12.3001 11.89 12.5401C12.32 12.6501 12.64 12.8001 12.85 13.0001C13.04 13.1901 13.14 13.4601 13.14 13.7901C13.14 14.0101 13.08 14.2201 12.99 14.4001C12.88 14.5801 12.73 14.7301 12.55 14.8301C12.36 14.9401 12.15 15.0001 11.91 15.0001C11.56 15.0001 11.29 14.8901 11.05 14.6701C10.81 14.4601 10.69 14.1701 10.68 13.8101H8.84998C8.84998 14.5201 9.03998 15.1101 9.42998 15.6001C9.81998 16.0801 10.39 16.4301 11.13 16.6401V18.4501L11.12 18.4301Z" fill="#212121"></path></svg></span>All Specials<!-- --> </button></li><li class="All"><button class="sc-1a1f935e-0 fLUYIy chip-button  coles-targeting-ChipDefaultChip" aria-pressed="false" data-testid="All-filter-pill"><span class="icon-start"><svg focusable="false" xmlns="http://www.w3.org/2000/svg" width="24" height="24" viewBox="0 0 24 24"><g fill="none" fill-rule="evenodd"><path stroke="currentColor" stroke-linecap="round" stroke-linejoin="round" stroke-width="2" vector-effect="non-scaling-stroke" d="M18,8 C18,6.62 16.88,5.5 15.5,5.5 C14.12,5.5 13,6.62 13,8 C13,9.38 14.12,10.5 15.5,10.5 C16.88,10.5 18,9.38 18,8 Z M11,16 C11,14.62 9.88,13.5 8.5,13.5 C7.12,13.5 6,14.62 6,16 C6,17.38 7.12,18.5 8.5,18.5 C9.88,18.5 11,17.38 11,16 Z M21,8 L18,8 M13,8 L3,8 L13,8 Z M11,16 L21,16 L11,16 Z M3,16 L6,16 L3,16 Z" transform="matrix(-1 0 0 1 24 0)"></path></g></svg></span>All<!-- --> </button></li><li class="Specials"><button class="sc-1a1f935e-0 fLUYIy chip-button  coles-targeting-ChipDefaultChip" aria-pressed="false" data-testid="Specials-filter-pill">Specials<!-- --> </button></li><li class="Brand"><button class="sc-1a1f935e-0 fLUYIy chip-button  coles-targeting-ChipDefaultChip" aria-pressed="false" data-testid="Brand-filter-pill">Brand<!-- --> </button></li><li class="Dietary"><button class="sc-1a1f935e-0 fLUYIy chip-button  coles-targeting-ChipDefaultChip" aria-pressed="false" data-testid="Dietary-filter-pill">Dietary<!-- --> </button></li><li class="Allergen"><button class="sc-1a1f935e-0 fLUYIy chip-button  coles-targeting-ChipDefaultChip" aria-pressed="false" data-testid="Allergen-filter-pill">Allergen<!-- --> </button></li></ul></div><div class="sc-337afa1b-0 eohAmK"><div data-testid="pagination-info" class="sc-337afa1b-1 ivCLuC coles-targeting-SearchPagesTopBarNumberOfResults">145 - 192 of 1,940 results</div><div data-testid="sort-select-wrapper" class="sc-ad6c3e0f-0 fNDACB sort-dropdown sort-dropdown"><div class="MuiFormControl-root mui-style-13sljp9"><div data-testid="sort-select" aria-expanded="false" role="combobox" class="MuiInputBase-root MuiInput-root MuiInput-underline MuiInputBase-colorPrimary MuiInputBase-formControl  mui-style-16644hm"><div tabindex="0" role="button" aria-expanded="false" aria-haspopup="listbox" aria-label="Sort by Best seller Select to change" class="MuiSelect-select MuiSelect-standard MuiInputBase-input MuiInput-input mui-style-1cccqvr">Sort by: Best seller</div><input aria-hidden="true" tabindex="-1" class="MuiSelect-nativeInput mui-style-1k3x8v3" value="salesDescending"/><svg focusable="false" xmlns="http://www.w3.org/2000/svg" width="24" height="24" viewBox="0 0 24 24" class="MuiSelect-icon MuiSelect-iconStandard mui-style-1rb0eps"><g fill="none" fill-rule="evenodd"><polyline stroke="currentColor" stroke-linecap="round" stroke-linejoin="round" stroke-width="2" vector-effect="non-scaling-stroke" points="18 10 12 16 6 10"></polyline></g></svg></div></div></div><button class="sc-745d6c85-0 euGDcB toggle-filter-drawer-button coles-targeting-ButtonButton button " aria-label="Filter &amp; sort Select to change" data-testid="toggle-filter-drawer-button"><span aria-hidden="false" class="sc-d1851dcf-0 ivDnVb coles-targeting-ButtonButtonChildContainer"><svg focusable="false" xmlns="http://www.w3.org/2000/svg" width="24" height="24" viewBox="0 0 24 24"><g fill="none" fill-rule="evenodd"><path stroke="currentColor" stroke-linecap="round" stroke-linejoin="round" stroke-width="2" vector-effect="non-scaling-stroke" d="M18,8 C18,6.62 16.88,5.5 15.5,5.5 C14.12,5.5 13,6.62 13,8 C13,9.38 14.12,10.5 15.5,10.5 C16.88,10.5 18,9.38 18,8 Z M11,16 C11,14.62 9.88,13.5 8.5,13.5 C7.12,13.5 6,14.62 6,16 C6,17.38 7.12,18.5 8.5,18.5 C9.88,18.5 11,17.38 11,16 Z M21,8 L18,8 M13,8 L3,8 L13,8 Z M11,16 L21,16 L11,16 Z M3,16 L6,16 L3,16 Z" transform="matrix(-1 0 0 1 24 0)"></path></g></svg>Filter &amp; sort</span></button></div><div data-testid="product-tiles" id="coles-targeting-product-tiles" class="sc-ca782366-6 fIndLK coles-targeting-StylesCategoryStylesProductListContainer"><section data-testid="product-tile" class="sc-94249bad-8 joBIZU coles-targeting-ProductTileProductTileWrapper"><div class="sc-500ab215-0 gdBZRm coles-targeting-ProductTileHat product-hat coles-targeting-ProductTileHat product-hat" data-testid="product-hat"></div><div tabindex="0" class="sc-94249bad-11 iHToZU coles-targeting-ProductTileHeaderWrapper"><header class="product__header"><div class="product__image_area"><a tabindex="-1" class="product__link product__image" aria-label="Coles Cheese Shredded Tasty Light | 700g" href="/product/coles-cheese-shredded-tasty-light-700g-8145346"><span class="sc-51f151be-0 irGhqP"><img alt="" data-testid="product-image" srcSet="/_next/image?url=https%3A%2F%2Fproductimages.coles.com.au%2Fproductimages%2F8%2F8145346.jpg&amp;w=256&amp;q=90 1x, /_next/image?url=https%3A%2F%2Fproductimages.coles.com.au%2Fproductimages%2F8%2F8145346.jpg&amp;w=640&amp;q=90 2x" src="/_next/image?url=https%3A%2F%2Fproductimages.coles.com.au%2Fproductimages%2F8%2F8145346.jpg&amp;w=640&amp;q=90" width="200" height="200" decoding="async" data-nimg="1" style="color:transparent;height:auto;max-width:100%;max-height:100%"/></span></a></div><div class="product__message-title_area" aria-hidden="true"><div class="sc-94249bad-21 khMxyt product__link product__link__analytics product__link product__link__analytics" tabindex="-1"><h2 class="LinesEllipsis  product__title">Coles Cheese Shredded Tasty Light | 700g<wbr/></h2></div><span data-testid="every-day" class="sc-f4be1fe7-0 gXctFU product__badge product__badge"><span class="roundel-text every-day">EVERY DAY</span></span><div aria-hidden="true" class="product__pricing_area show-on-small-screen" data-testid="small-screen-pricing"><section class="sc-5fbea9b3-0 lcJbEb product__pricing product__pricing" data-testid="product_price"><div class="price"><span class="price__value" data-testid="product-pricing" aria-label="Price $9.50">$9.50</span><div class="sc-5fbea9b3-1 iTynCB"></div></div><div class="sc-79c0c972-0 jowmFP"><div class="price__calculation_method">$13.57 per 1kg</div></div></section></div></div></header></div><div class="product__cta_section"><div aria-hidden="false" class="product__pricing_area hide-on-small-screen" data-testid="large-screen-pricing"><section class="sc-5fbea9b3-0 lcJbEb product__pricing product__pricing" data-testid="product_price"><div class="price"><span class="price__value" data-testid="product-pricing" aria-label="Price $9.50">$9.50</span><div class="sc-5fbea9b3-1 iTynCB"></div></div><div class="sc-79c0c972-0 jowmFP"><div class="price__calculation_method">$13.57 per 1kg</div></div></section></div><div data-testid="product-tile-cta-content"><div class="unavailable-container hide-on-small-screen"><div aria-hidden="false" class="similar-product-unavailable hide-on-small-screen" data-testid="large-screen-similar-product-unavailable"></div></div><div class="sc-94249bad-7 hRRJpr product__lists_cta_wrapper" data-testid="product-lists-cta-wrapper"><div class="sc-94249bad-5 jLgRPd"><div data-testid="add-to-cart" class="sc-fa03433-0 kJRZNZ product__add_to_cart product__add_to_cart"><button data-testid="add-to-cart-button" aria-label="Add Coles Cheese Shredded Tasty Light to the trolley" class="sc-745d6c85-0 kXjmbO product-tiles-btn coles-targeting-ButtonButton button "><span aria-hidden="false" class="sc-d1851dcf-0 ivDnVb coles-targeting-ButtonButtonChildContainer"><svg focusable="false" xmlns="http://www.w3.org/2000/svg" width="24" height="24" viewBox="0 0 24 24"><g fill="none" fill-rule="evenodd"><path stroke="currentColor" stroke-linecap="round" stroke-linejoin="round" stroke-width="2" vector-effect="non-scaling-stroke" d="M8,22 C8.55228475,22 9,21.5522847 9,21 C9,20.4477153 8.55228475,20 8,20 C7.44771525,20 7,20.4477153 7,21 C7,21.5522847 7.44771525,22 8,22 Z M18,22 C18.5522847,22 19,21.5522847 19,21 C19,20.4477153 18.5522847,20 18,20 C17.4477153,20 17,20.4477153 17,21 C17,21.5522847 17.4477153,22 18,22 Z M2,3 L4.5,3 L6.68,14.39 C6.86873697,15.3402315 7.71138394,16.0185624 8.68,16 L17.4,16 C18.3686161,16.0185624 19.211263,15.3402315 19.4,14.39 L21,7 M13,12 L13,6 M10,9 L16,9"></path></g></svg>Add</span></button></div></div></div></div></div></section><div role="presentation" data-testid="unit" class="sc-6c6b8071-0 lhIuUR coles-targeting-UnitContainer"><div><section tabindex="0" aria-label="New Wicked Sister 510g High Protein - tastes wicked" data-testid="ad-tile-aem" class="sc-65223730-0 hpXFqA"><div class="product__image_area"><img alt="" data-testid="background-image" sizes="100vw" srcSet="/_next/image?url=https%3A%2F%2Fwww.coles.com.au%2Fcontent%2Fdam%2Fcoles%2Fcusp%2Fsuppliers%2Ffy25%2F23-10-24%2F29040-47163-singletile-bg-v2.png&amp;w=640&amp;q=90 640w, /_next/image?url=https%3A%2F%2Fwww.coles.com.au%2Fcontent%2Fdam%2Fcoles%2Fcusp%2Fsuppliers%2Ffy25%2F23-10-24%2F29040-47163-singletile-bg-v2.png&amp;w=750&amp;q=90 750w, /_next/image?url=https%3A%2F%2Fwww.coles.com.au%2Fcontent%2Fdam%2Fcoles%2Fcusp%2Fsuppliers%2Ffy25%2F23-10-24%2F29040-47163-singletile-bg-v2.png&amp;w=828&amp;q=90 828w, /_next/image?url=https%3A%2F%2Fwww.coles.com.au%2Fcontent%2Fdam%2Fcoles%2Fcusp%2Fsuppliers%2Ffy25%2F23-10-24%2F29040-47163-singletile-bg-v2.png&amp;w=1080&amp;q=90 1080w, /_next/image?url=https%3A%2F%2Fwww.coles.com.au%2Fcontent%2Fdam%2Fcoles%2Fcusp%2Fsuppliers%2Ffy25%2F23-10-24%2F29040-47163-singletile-bg-v2.png&amp;w=1200&amp;q=90 1200w, /_next/image?url=https%3A%2F%2Fwww.coles.com.au%2Fcontent%2Fdam%2Fcoles%2Fcusp%2Fsuppliers%2Ffy25%2F23-10-24%2F29040-47163-singletile-bg-v2.png&amp;w=1920&amp;q=90 1920w, /_next/image?url=https%3A%2F%2Fwww.coles.com.au%2Fcontent%2Fdam%2Fcoles%2Fcusp%2Fsuppliers%2Ffy25%2F23-10-24%2F29040-47163-singletile-bg-v2.png&amp;w=2048&amp;q=90 2048w, /_next/image?url=https%3A%2F%2Fwww.coles.com.au%2Fcontent%2Fdam%2Fcoles%2Fcusp%2Fsuppliers%2Ffy25%2F23-10-24%2F29040-47163-singletile-bg-v2.png&amp;w=3840&amp;q=90 3840w" src="/_next/image?url=https%3A%2F%2Fwww.coles.com.au%2Fcontent%2Fdam%2Fcoles%2Fcusp%2Fsuppliers%2Ffy25%2F23-10-24%2F29040-47163-singletile-bg-v2.png&amp;w=3840&amp;q=90" decoding="async" data-nimg="fill" class="product__background_image" style="position:absolute;height:100%;width:100%;left:0;top:0;right:0;bottom:0;object-fit:cover;color:transparent"/><div class="product__badge"><span data-testid="new" class="sc-f4be1fe7-0 gzXASM"><span class="roundel-text new">NEW</span></span></div></div><div class="product__title_area"><h2 class="product__title">New Wicked Sister 510g High Protein - tastes wicked</h2></div><div class="product__cta_section"><a style="text-align:center;line-height:1.1" href="/recipes-inspiration/recipes/h/high-protein-berry-creme-brulee?pid=aisle_ctatile_supplier_br360_29040_47163" aria-label="Shop Wicked Sister" target="_self" class="sc-745d6c85-0-a hASQRm product__cta_btn coles-targeting-ButtonButton button "><span aria-hidden="false" class="sc-d1851dcf-0 nqwlO coles-targeting-ButtonButtonChildContainer">View recipe</span></a></div></section></div></div><div role="presentation" data-testid="unit" class="sc-6c6b8071-0 lhIuUR coles-targeting-UnitContainer"><div><section data-testid="product-tile" class="sc-94249bad-8 hQizZu coles-targeting-ProductTileProductTileWrapper"><div class="sc-500ab215-0 gdBZRm coles-targeting-ProductTileHat product-hat is-special coles-targeting-ProductTileHat product-hat is-special" data-testid="product-hat">Special</div><div tabindex="0" class="sc-94249bad-11 iHToZU coles-targeting-ProductTileHeaderWrapper"><header class="product__header"><div class="product__image_area"><a tabindex="-1" class="product__link product__image" aria-label="Latina Fresh Spinach &amp; Ricotta Agnolotti Pasta | 375g" href="/product/latina-fresh-spinach-and-ricotta-agnolotti-pasta-375g-5280232"><span class="sc-51f151be-0 irGhqP"><img alt="" data-testid="product-image" srcSet="/_next/image?url=https%3A%2F%2Fproductimages.coles.com.au%2Fproductimages%2F5%2F5280232.jpg&amp;w=256&amp;q=90 1x, /_next/image?url=https%3A%2F%2Fproductimages.coles.com.au%2Fproductimages%2F5%2F5280232.jpg&amp;w=640&amp;q=90 2x" src="/_next/image?url=https%3A%2F%2Fproductimages.coles.com.au%2Fproductimages%2F5%2F5280232.jpg&amp;w=640&amp;q=90" width="200" height="200" decoding="async" data-nimg="1" style="color:transparent;height:auto;max-width:100%;max-height:100%"/></span></a></div><div class="product__message-title_area" aria-hidden="true"><ul class="product__top_messaging"><li class="product__top_messaging__item">Promoted</li></ul><div class="sc-94249bad-21 khMxyt product__link product__link__analytics product__link product__link__analytics" tabindex="-1"><h2 class="LinesEllipsis  product__title">Latina Fresh Spinach &amp; Ricotta Agnolotti Pasta | 375g<wbr/></h2></div><span data-testid="multi_save" class="sc-f4be1fe7-0 hjCQAH product__badge product__badge"><span class="roundel-text multi_save">SPECIAL</span></span><div aria-hidden="true" class="product__pricing_area show-on-small-screen" data-testid="small-screen-pricing"><section class="sc-5fbea9b3-0 lcJbEb product__pricing product__pricing" data-testid="product_price"><div class="price"><span class="price__value" data-testid="product-pricing" aria-label="Price $8.00">$8.00</span><div class="sc-5fbea9b3-1 iTynCB"></div></div><div class="sc-79c0c972-0 jowmFP"><div class="price__calculation_method">$2.13 per 100g</div></div></section><div class="sc-94249bad-16 BfoYV coles-targeting-ProductTileMultiBuyContainer"><div class="product__offers_description" data-testid="offers"><span class="product_promotion complex"><button data-testid="complex-promotion-link" class="sc-856ff560-0 sc-856ff560-1 sc-b5a96ce8-1 jGROiw gVzeRG jEONlN coles-targeting-LinkLinkInternal link coles-targeting-LinkLinkInternal link coles-targeting-LinkLinkInternal link coles-targeting-LinkLinkInternal link" tabindex="0" target="">Pick any 2 for $13</button></span></div></div></div></div></header></div><div class="product__cta_section"><div aria-hidden="false" class="product__pricing_area hide-on-small-screen" data-testid="large-screen-pricing"><section class="sc-5fbea9b3-0 lcJbEb product__pricing product__pricing" data-testid="product_price"><div class="price"><span class="price__value" data-testid="product-pricing" aria-label="Price $8.00">$8.00</span><div class="sc-5fbea9b3-1 iTynCB"></div></div><div class="sc-79c0c972-0 jowmFP"><div class="price__calculation_method">$2.13 per 100g</div></div></section><div class="sc-94249bad-16 BfoYV coles-targeting-ProductTileMultiBuyContainer"><div class="product__offers_description" data-testid="offers"><span class="product_promotion complex"><button data-testid="complex-promotion-link" class="sc-856ff560-0 sc-856ff560-1 sc-b5a96ce8-1 jGROiw gVzeRG jEONlN coles-targeting-LinkLinkInternal link coles-targeting-LinkLinkInternal link coles-targeting-LinkLinkInternal link coles-targeting-LinkLinkInternal link" tabindex="0" target="">Pick any 2 for $13</button></span></div></div></div><div data-testid="product-tile-cta-content"><div class="unavailable-container hide-on-small-screen"><div aria-hidden="false" class="similar-product-unavailable hide-on-small-screen" data-testid="large-screen-similar-product-unavailable"></div></div><div class="sc-94249bad-7 hRRJpr product__lists_cta_wrapper" data-testid="product-lists-cta-wrapper"><div class="sc-94249bad-5 jLgRPd"><div data-testid="add-to-cart" class="sc-fa03433-0 kJRZNZ product__add_to_cart product__add_to_cart"><button data-testid="add-to-cart-button" aria-label="Add Latina Fresh Spinach &amp; Ricotta Agnolotti Pasta to the trolley" class="sc-745d6c85-0 kXjmbO product-tiles-btn coles-targeting-ButtonButton button "><span aria-hidden="false" class="sc-d1851dcf-0 ivDnVb coles-targeting-ButtonButtonChildContainer"><svg focusable="false" xmlns="http://www.w3.org/2000/svg" width="24" height="24" viewBox="0 0 24 24"><g fill="none" fill-rule="evenodd"><path stroke="currentColor" stroke-linecap="round" stroke-linejoin="round" stroke-width="2" vector-effect="non-scaling-stroke" d="M8,22 C8.55228475,22 9,21.5522847 9,21 C9,20.4477153 8.55228475,20 8,20 C7.44771525,20 7,20.4477153 7,21 C7,21.5522847 7.44771525,22 8,22 Z M18,22 C18.5522847,22 19,21.5522847 19,21 C19,20.4477153 18.5522847,20 18,20 C17.4477153,20 17,20.4477153 17,21 C17,21.5522847 17.4477153,22 18,22 Z M2,3 L4.5,3 L6.68,14.39 C6.86873697,15.3402315 7.71138394,16.0185624 8.68,16 L17.4,16 C18.3686161,16.0185624 19.211263,15.3402315 19.4,14.39 L21,7 M13,12 L13,6 M10,9 L16,9"></path></g></svg>Add</span></button></div></div></div></div></div></section></div></div><div role="presentation" data-testid="unit" class="sc-6c6b8071-0 lhIuUR coles-targeting-UnitContainer"><div><section data-testid="product-tile" class="sc-94249bad-8 joBIZU coles-targeting-ProductTileProductTileWrapper"><div class="sc-500ab215-0 gdBZRm coles-targeting-ProductTileHat product-hat coles-targeting-ProductTileHat product-hat" data-testid="product-hat"></div><div tabindex="0" class="sc-94249bad-11 iHToZU coles-targeting-ProductTileHeaderWrapper"><header class="product__header"><div class="product__image_area"><a tabindex="-1" class="product__link product__image" aria-label="Latina Fresh Ricotta &amp; Spinach Agnolotti Pasta 4 Serve | 625g" href="/product/latina-fresh-ricotta-and-spinach-agnolotti-pasta-4-serve-625g-5469181"><span class="sc-51f151be-0 irGhqP"><img alt="" data-testid="product-image" srcSet="/_next/image?url=https%3A%2F%2Fproductimages.coles.com.au%2Fproductimages%2F5%2F5469181.jpg&amp;w=256&amp;q=90 1x, /_next/image?url=https%3A%2F%2Fproductimages.coles.com.au%2Fproductimages%2F5%2F5469181.jpg&amp;w=640&amp;q=90 2x" src="/_next/image?url=https%3A%2F%2Fproductimages.coles.com.au%2Fproductimages%2F5%2F5469181.jpg&amp;w=640&amp;q=90" width="200" height="200" decoding="async" data-nimg="1" style="color:transparent;height:auto;max-width:100%;max-height:100%"/></span></a></div><div class="product__message-title_area" aria-hidden="true"><ul class="product__top_messaging"><li class="product__top_messaging__item">Promoted</li></ul><div class="sc-94249bad-21 khMxyt product__link product__link__analytics product__link product__link__analytics" tabindex="-1"><h2 class="LinesEllipsis  product__title">Latina Fresh Ricotta &amp; Spinach Agnolotti Pasta 4 Serve | 625g<wbr/></h2></div><div aria-hidden="true" class="product__pricing_area show-on-small-screen" data-testid="small-screen-pricing"><section class="sc-5fbea9b3-0 lcJbEb product__pricing product__pricing" data-testid="product_price"><div class="price"><span class="price__value" data-testid="product-pricing" aria-label="Price $11.00">$11.00</span><div class="sc-5fbea9b3-1 iTynCB"></div></div><div class="sc-79c0c972-0 jowmFP"><div class="price__calculation_method">$1.76 per 100g</div></div></section></div></div></header></div><div class="product__cta_section"><div aria-hidden="false" class="product__pricing_area hide-on-small-screen" data-testid="large-screen-pricing"><section class="sc-5fbea9b3-0 lcJbEb product__pricing product__pricing" data-testid="product_price"><div class="price"><span class="price__value" data-testid="product-pricing" aria-label="Price $11.00">$11.00</span><div class="sc-5fbea9b3-1 iTynCB"></div></div><div class="sc-79c0c972-0 jowmFP"><div class="price__calculation_method">$1.76 per 100g</div></div></section></div><div data-testid="product-tile-cta-content"><div class="unavailable-container hide-on-small-screen"><div aria-hidden="false" class="similar-product-unavailable hide-on-small-screen" data-testid="large-screen-similar-product-unavailable"></div></div><div class="sc-94249bad-7 hRRJpr product__lists_cta_wrapper" data-testid="product-lists-cta-wrapper"><div class="sc-94249bad-5 jLgRPd"><div data-testid="add-to-cart" class="sc-fa03433-0 kJRZNZ product__add_to_cart product__add_to_cart"><button data-testid="add-to-cart-button" aria-label="Add Latina Fresh Ricotta &amp; Spinach Agnolotti Pasta 4 Serve to the trolley" class="sc-745d6c85-0 kXjmbO product-tiles-btn coles-targeting-ButtonButton button "><span aria-hidden="false" class="sc-d1851dcf-0 ivDnVb coles-targeting-ButtonButtonChildContainer"><svg focusable="false" xmlns="http://www.w3.org/2000/svg" width="24" height="24" viewBox="0 0 24 24"><g fill="none" fill-rule="evenodd"><path stroke="currentColor" stroke-linecap="round" stroke-linejoin="round" stroke-width="2" vector-effect="non-scaling-stroke" d="M8,22 C8.55228475,22 9,21.5522847 9,21 C9,20.4477153 8.55228475,20 8,20 C7.44771525,20 7,20.4477153 7,21 C7,21.5522847 7.44771525,22 8,22 Z M18,22 C18.5522847,22 19,21.5522847 19,21 C19,20.4477153 18.5522847,20 18,20 C17.4477153,20 17,20.4477153 17,21 C17,21.5522847 17.4477153,22 18,22 Z M2,3 L4.5,3 L6.68,14.39 C6.86873697,15.3402315 7.71138394,16.0185624 8.68,16 L17.4,16 C18.3686161,16.0185624 19.211263,15.3402315 19.4,14.39 L21,7 M13,12 L13,6 M10,9 L16,9"></path></g></svg>Add</span></button></div></div></div></div></div></section></div></div><div role="presentation" data-testid="unit" class="sc-6c6b8071-0 lhIuUR coles-targeting-UnitContainer"><div><section tabindex="0" aria-label="Taste the goodness of Olive Grove" data-testid="ad-tile-aem" class="sc-65223730-0 hpXFqA"><div class="product__image_area"><img alt="" data-testid="background-image" sizes="100vw" srcSet="/_next/image?url=https%3A%2F%2Fwww.coles.com.au%2Fcontent%2Fdam%2Fcoles%2Fcusp%2Fsuppliers%2Ffy25%2F04-09-24%2F27056-goodman-fielder-olive-single-bg.jpg&amp;w=640&amp;q=90 640w, /_next/image?url=https%3A%2F%2Fwww.coles.com.au%2Fcontent%2Fdam%2Fcoles%2Fcusp%2Fsuppliers%2Ffy25%2F04-09-24%2F27056-goodman-fielder-olive-single-bg.jpg&amp;w=750&amp;q=90 750w, /_next/image?url=https%3A%2F%2Fwww.coles.com.au%2Fcontent%2Fdam%2Fcoles%2Fcusp%2Fsuppliers%2Ffy25%2F04-09-24%2F27056-goodman-fielder-olive-single-bg.jpg&amp;w=828&amp;q=90 828w, /_next/image?url=https%3A%2F%2Fwww.coles.com.au%2Fcontent%2Fdam%2Fcoles%2Fcusp%2Fsuppliers%2Ffy25%2F04-09-24%2F27056-goodman-fielder-olive-single-bg.jpg&amp;w=1080&amp;q=90 1080w, /_next/image?url=https%3A%2F%2Fwww.coles.com.au%2Fcontent%2Fdam%2Fcoles%2Fcusp%2Fsuppliers%2Ffy25%2F04-09-24%2F27056-goodman-fielder-olive-single-bg.jpg&amp;w=1200&amp;q=90 1200w, /_next/image?url=https%3A%2F%2Fwww.coles.com.au%2Fcontent%2Fdam%2Fcoles%2Fcusp%2Fsuppliers%2Ffy25%2F04-09-24%2F27056-goodman-fielder-olive-single-bg.jpg&amp;w=1920&amp;q=90 1920w, /_next/image?url=https%3A%2F%2Fwww.coles.com.au%2Fcontent%2Fdam%2Fcoles%2Fcusp%2Fsuppliers%2Ffy25%2F04-09-24%2F27056-goodman-fielder-olive-single-bg.jpg&amp;w=2048&amp;q=90 2048w, /_next/image?url=https%3A%2F%2Fwww.coles.com.au%2Fcontent%2Fdam%2Fcoles%2Fcusp%2Fsuppliers%2Ffy25%2F04-09-24%2F27056-goodman-fielder-olive-single-bg.jpg&amp;w=3840&amp;q=90 3840w" src="/_next/image?url=https%3A%2F%2Fwww.coles.com.au%2Fcontent%2Fdam%2Fcoles%2Fcusp%2Fsuppliers%2Ffy25%2F04-09-24%2F27056-goodman-fielder-olive-single-bg.jpg&amp;w=3840&amp;q=90" decoding="async" data-nimg="fill" class="product__background_image" style="position:absolute;height:100%;width:100%;left:0;top:0;right:0;bottom:0;object-fit:cover;color:transparent"/><div class="product__badge"><span data-testid="try-now" class="sc-f4be1fe7-0 gzXASM"><span class="roundel-text try-now">TRY NOW</span></span></div><div class="product__hero_image"><img alt="olive grove butter" data-testid="foreground-image" sizes="100vw" srcSet="/_next/image?url=https%3A%2F%2Fwww.coles.com.au%2Fcontent%2Fdam%2Fcoles%2Fcusp%2Fsuppliers%2Ffy25%2F04-09-24%2F27056-goodman-fielder-olive-single-fg.png&amp;w=640&amp;q=90 640w, /_next/image?url=https%3A%2F%2Fwww.coles.com.au%2Fcontent%2Fdam%2Fcoles%2Fcusp%2Fsuppliers%2Ffy25%2F04-09-24%2F27056-goodman-fielder-olive-single-fg.png&amp;w=750&amp;q=90 750w, /_next/image?url=https%3A%2F%2Fwww.coles.com.au%2Fcontent%2Fdam%2Fcoles%2Fcusp%2Fsuppliers%2Ffy25%2F04-09-24%2F27056-goodman-fielder-olive-single-fg.png&amp;w=828&amp;q=90 828w, /_next/image?url=https%3A%2F%2Fwww.coles.com.au%2Fcontent%2Fdam%2Fcoles%2Fcusp%2Fsuppliers%2Ffy25%2F04-09-24%2F27056-goodman-fielder-olive-single-fg.png&amp;w=1080&amp;q=90 1080w, /_next/image?url=https%3A%2F%2Fwww.coles.com.au%2Fcontent%2Fdam%2Fcoles%2Fcusp%2Fsuppliers%2Ffy25%2F04-09-24%2F27056-goodman-fielder-olive-single-fg.png&amp;w=1200&amp;q=90 1200w, /_next/image?url=https%3A%2F%2Fwww.coles.com.au%2Fcontent%2Fdam%2Fcoles%2Fcusp%2Fsuppliers%2Ffy25%2F04-09-24%2F27056-goodman-fielder-olive-single-fg.png&amp;w=1920&amp;q=90 1920w, /_next/image?url=https%3A%2F%2Fwww.coles.com.au%2Fcontent%2Fdam%2Fcoles%2Fcusp%2Fsuppliers%2Ffy25%2F04-09-24%2F27056-goodman-fielder-olive-single-fg.png&amp;w=2048&amp;q=90 2048w, /_next/image?url=https%3A%2F%2Fwww.coles.com.au%2Fcontent%2Fdam%2Fcoles%2Fcusp%2Fsuppliers%2Ffy25%2F04-09-24%2F27056-goodman-fielder-olive-single-fg.png&amp;w=3840&amp;q=90 3840w" src="/_next/image?url=https%3A%2F%2Fwww.coles.com.au%2Fcontent%2Fdam%2Fcoles%2Fcusp%2Fsuppliers%2Ffy25%2F04-09-24%2F27056-goodman-fielder-olive-single-fg.png&amp;w=3840&amp;q=90" decoding="async" data-nimg="fill" style="position:absolute;height:100%;width:100%;left:0;top:0;right:0;bottom:0;object-fit:contain;color:transparent"/></div></div><div class="product__title_area"><h2 class="product__title">Taste the goodness of Olive Grove</h2></div><div class="product__cta_section"><a style="text-align:center;line-height:1.1" href="/promotions/olive-grove-butter?pid=ctatile_goodmanfielder_br360_27056" aria-label="Shop Olive Grove" target="_self" class="sc-745d6c85-0-a hASQRm product__cta_btn coles-targeting-ButtonButton button "><span aria-hidden="false" class="sc-d1851dcf-0 nqwlO coles-targeting-ButtonButtonChildContainer">Shop now</span></a></div></section></div></div><div role="presentation" data-testid="unit" class="sc-6c6b8071-0 lhIuUR coles-targeting-UnitContainer"><div><section data-testid="product-tile" class="sc-94249bad-8 joBIZU coles-targeting-ProductTileProductTileWrapper"><div class="sc-500ab215-0 gdBZRm coles-targeting-ProductTileHat product-hat coles-targeting-ProductTileHat product-hat" data-testid="product-hat"></div><div tabindex="0" class="sc-94249bad-11 iHToZU coles-targeting-ProductTileHeaderWrapper"><header class="product__header"><div class="product__image_area"><a tabindex="-1" class="product__link product__image" aria-label="Cheer Plant Based Sliced Cheese | 200g" href="/product/cheer-plant-based-sliced-cheese-200g-6126351"><span class="sc-51f151be-0 irGhqP"><img alt="" data-testid="product-image" srcSet="/_next/image?url=https%3A%2F%2Fproductimages.coles.com.au%2Fproductimages%2F6%2F6126351.jpg&amp;w=256&amp;q=90 1x, /_next/image?url=https%3A%2F%2Fproductimages.coles.com.au%2Fproductimages%2F6%2F6126351.jpg&amp;w=640&amp;q=90 2x" src="/_next/image?url=https%3A%2F%2Fproductimages.coles.com.au%2Fproductimages%2F6%2F6126351.jpg&amp;w=640&amp;q=90" width="200" height="200" decoding="async" data-nimg="1" loading="lazy" style="color:transparent;height:auto;max-width:100%;max-height:100%"/></span></a></div><div class="product__message-title_area" aria-hidden="true"><ul class="product__top_messaging"><li class="product__top_messaging__item">Promoted</li></ul><div class="sc-94249bad-21 khMxyt product__link product__link__analytics product__link product__link__analytics" tabindex="-1"><h2 class="LinesEllipsis  product__title">Cheer Plant Based Sliced Cheese | 200g<wbr/></h2></div><div aria-hidden="true" class="product__pricing_area show-on-small-screen" data-testid="small-screen-pricing"><section class="sc-5fbea9b3-0 lcJbEb product__pricing product__pricing" data-testid="product_price"><div class="price"><span class="price__value" data-testid="product-pricing" aria-label="Price $7.00">$7.00</span><div class="sc-5fbea9b3-1 iTynCB"></div></div><div class="sc-79c0c972-0 jowmFP"><div class="price__calculation_method">$35.00 per 1kg</div></div></section></div></div></header></div><div class="product__cta_section"><div aria-hidden="false" class="product__pricing_area hide-on-small-screen" data-testid="large-screen-pricing"><section class="sc-5fbea9b3-0 lcJbEb product__pricing product__pricing" data-testid="product_price"><div class="price"><span class="price__value" data-testid="product-pricing" aria-label="Price $7.00">$7.00</span><div class="sc-5fbea9b3-1 iTynCB"></div></div><div class="sc-79c0c972-0 jowmFP"><div class="price__calculation_method">$35.00 per 1kg</div></div></section></div><div data-testid="product-tile-cta-content"><div class="unavailable-container hide-on-small-screen"><div aria-hidden="false" class="similar-product-unavailable hide-on-small-screen" data-testid="large-screen-similar-product-unavailable"></div></div><div class="sc-94249bad-7 hRRJpr product__lists_cta_wrapper" data-testid="product-lists-cta-wrapper"><div class="sc-94249bad-5 jLgRPd"><div data-testid="add-to-cart" class="sc-fa03433-0 kJRZNZ product__add_to_cart product__add_to_cart"><button data-testid="add-to-cart-button" aria-label="Add Cheer Plant Based Sliced Cheese to the trolley" class="sc-745d6c85-0 kXjmbO product-tiles-btn coles-targeting-ButtonButton button "><span aria-hidden="false" class="sc-d1851dcf-0 ivDnVb coles-targeting-ButtonButtonChildContainer"><svg focusable="false" xmlns="http://www.w3.org/2000/svg" width="24" height="24" viewBox="0 0 24 24"><g fill="none" fill-rule="evenodd"><path stroke="currentColor" stroke-linecap="round" stroke-linejoin="round" stroke-width="2" vector-effect="non-scaling-stroke" d="M8,22 C8.55228475,22 9,21.5522847 9,21 C9,20.4477153 8.55228475,20 8,20 C7.44771525,20 7,20.4477153 7,21 C7,21.5522847 7.44771525,22 8,22 Z M18,22 C18.5522847,22 19,21.5522847 19,21 C19,20.4477153 18.5522847,20 18,20 C17.4477153,20 17,20.4477153 17,21 C17,21.5522847 17.4477153,22 18,22 Z M2,3 L4.5,3 L6.68,14.39 C6.86873697,15.3402315 7.71138394,16.0185624 8.68,16 L17.4,16 C18.3686161,16.0185624 19.211263,15.3402315 19.4,14.39 L21,7 M13,12 L13,6 M10,9 L16,9"></path></g></svg>Add</span></button></div></div></div></div></div></section></div></div><div role="presentation" data-testid="unit" class="sc-6c6b8071-0 lhIuUR coles-targeting-UnitContainer"><div><section data-testid="product-tile" class="sc-94249bad-8 joBIZU coles-targeting-ProductTileProductTileWrapper"><div class="sc-500ab215-0 gdBZRm coles-targeting-ProductTileHat product-hat coles-targeting-ProductTileHat product-hat" data-testid="product-hat"></div><div tabindex="0" class="sc-94249bad-11 iHToZU coles-targeting-ProductTileHeaderWrapper"><header class="product__header"><div class="product__image_area"><a tabindex="-1" class="product__link product__image" aria-label="Latina Fresh Roast Chicken &amp; Garlic Ravioli Pasta 4 Serve | 625g" href="/product/latina-fresh-roast-chicken-and-garlic-ravioli-pasta-4-serve-625g-7294409"><span class="sc-51f151be-0 irGhqP"><img alt="" data-testid="product-image" srcSet="/_next/image?url=https%3A%2F%2Fproductimages.coles.com.au%2Fproductimages%2F7%2F7294409.jpg&amp;w=256&amp;q=90 1x, /_next/image?url=https%3A%2F%2Fproductimages.coles.com.au%2Fproductimages%2F7%2F7294409.jpg&amp;w=640&amp;q=90 2x" src="/_next/image?url=https%3A%2F%2Fproductimages.coles.com.au%2Fproductimages%2F7%2F7294409.jpg&amp;w=640&amp;q=90" width="200" height="200" decoding="async" data-nimg="1" loading="lazy" style="color:transparent;height:auto;max-width:100%;max-height:100%"/></span></a></div><div class="product__message-title_area" aria-hidden="true"><ul class="product__top_messaging"><li class="product__top_messaging__item">Promoted</li></ul><div class="sc-94249bad-21 khMxyt product__link product__link__analytics product__link product__link__analytics" tabindex="-1"><h2 class="LinesEllipsis  product__title">Latina Fresh Roast Chicken &amp; Garlic Ravioli Pasta 4 Serve | 625g<wbr/></h2></div><div aria-hidden="true" class="product__pricing_area show-on-small-screen" data-testid="small-screen-pricing"><section class="sc-5fbea9b3-0 lcJbEb product__pricing product__pricing" data-testid="product_price"><div class="price"><span class="price__value" data-testid="product-pricing" aria-label="Price $11.00">$11.00</span><div class="sc-5fbea9b3-1 iTynCB"></div></div><div class="sc-79c0c972-0 jowmFP"><div class="price__calculation_method">$1.76 per 100g</div></div></section></div></div></header></div><div class="product__cta_section"><div aria-hidden="false" class="product__pricing_area hide-on-small-screen" data-testid="large-screen-pricing"><section class="sc-5fbea9b3-0 lcJbEb product__pricing product__pricing" data-testid="product_price"><div class="price"><span class="price__value" data-testid="product-pricing" aria-label="Price $11.00">$11.00</span><div class="sc-5fbea9b3-1 iTynCB"></div></div><div class="sc-79c0c972-0 jowmFP"><div class="price__calculation_method">$1.76 per 100g</div></div></section></div><div data-testid="product-tile-cta-content"><div class="unavailable-container hide-on-small-screen"><div aria-hidden="false" class="similar-product-unavailable hide-on-small-screen" data-testid="large-screen-similar-product-unavailable"></div></div><div class="sc-94249bad-7 hRRJpr product__lists_cta_wrapper" data-testid="product-lists-cta-wrapper"><div class="sc-94249bad-5 jLgRPd"><div data-testid="add-to-cart" class="sc-fa03433-0 kJRZNZ product__add_to_cart product__add_to_cart"><button data-testid="add-to-cart-button" aria-label="Add Latina Fresh Roast Chicken &amp; Garlic Ravioli Pasta 4 Serve to the trolley" class="sc-745d6c85-0 kXjmbO product-tiles-btn coles-targeting-ButtonButton button "><span aria-hidden="false" class="sc-d1851dcf-0 ivDnVb coles-targeting-ButtonButtonChildContainer"><svg focusable="false" xmlns="http://www.w3.org/2000/svg" width="24" height="24" viewBox="0 0 24 24"><g fill="none" fill-rule="evenodd"><path stroke="currentColor" stroke-linecap="round" stroke-linejoin="round" stroke-width="2" vector-effect="non-scaling-stroke" d="M8,22 C8.55228475,22 9,21.5522847 9,21 C9,20.4477153 8.55228475,20 8,20 C7.44771525,20 7,20.4477153 7,21 C7,21.5522847 7.44771525,22 8,22 Z M18,22 C18.5522847,22 19,21.5522847 19,21 C19,20.4477153 18.5522847,20 18,20 C17.4477153,20 17,20.4477153 17,21 C17,21.5522847 17.4477153,22 18,22 Z M2,3 L4.5,3 L6.68,14.39 C6.86873697,15.3402315 7.71138394,16.0185624 8.68,16 L17.4,16 C18.3686161,16.0185624 19.211263,15.3402315 19.4,14.39 L21,7 M13,12 L13,6 M10,9 L16,9"></path></g></svg>Add</span></button></div></div></div></div></div></section></div></div><div role="presentation" data-testid="unit" class="sc-6c6b8071-0 lhIuUR coles-targeting-UnitContainer"><div><section tabindex="0" aria-label="Fridge organisation made simple with Sistema" data-testid="ad-tile-aem" class="sc-65223730-0 hpXFqA"><div class="product__image_area"><img alt="" data-testid="background-image" sizes="100vw" srcSet="/_next/image?url=https%3A%2F%2Fwww.coles.com.au%2Fcontent%2Fdam%2Fcoles%2Fcusp%2Fsuppliers%2Ffy25%2F23-10-24%2F28157-singletile-bg-Diary%20Eggs%20and%20Fridge.jpg&amp;w=640&amp;q=90 640w, /_next/image?url=https%3A%2F%2Fwww.coles.com.au%2Fcontent%2Fdam%2Fcoles%2Fcusp%2Fsuppliers%2Ffy25%2F23-10-24%2F28157-singletile-bg-Diary%20Eggs%20and%20Fridge.jpg&amp;w=750&amp;q=90 750w, /_next/image?url=https%3A%2F%2Fwww.coles.com.au%2Fcontent%2Fdam%2Fcoles%2Fcusp%2Fsuppliers%2Ffy25%2F23-10-24%2F28157-singletile-bg-Diary%20Eggs%20and%20Fridge.jpg&amp;w=828&amp;q=90 828w, /_next/image?url=https%3A%2F%2Fwww.coles.com.au%2Fcontent%2Fdam%2Fcoles%2Fcusp%2Fsuppliers%2Ffy25%2F23-10-24%2F28157-singletile-bg-Diary%20Eggs%20and%20Fridge.jpg&amp;w=1080&amp;q=90 1080w, /_next/image?url=https%3A%2F%2Fwww.coles.com.au%2Fcontent%2Fdam%2Fcoles%2Fcusp%2Fsuppliers%2Ffy25%2F23-10-24%2F28157-singletile-bg-Diary%20Eggs%20and%20Fridge.jpg&amp;w=1200&amp;q=90 1200w, /_next/image?url=https%3A%2F%2Fwww.coles.com.au%2Fcontent%2Fdam%2Fcoles%2Fcusp%2Fsuppliers%2Ffy25%2F23-10-24%2F28157-singletile-bg-Diary%20Eggs%20and%20Fridge.jpg&amp;w=1920&amp;q=90 1920w, /_next/image?url=https%3A%2F%2Fwww.coles.com.au%2Fcontent%2Fdam%2Fcoles%2Fcusp%2Fsuppliers%2Ffy25%2F23-10-24%2F28157-singletile-bg-Diary%20Eggs%20and%20Fridge.jpg&amp;w=2048&amp;q=90 2048w, /_next/image?url=https%3A%2F%2Fwww.coles.com.au%2Fcontent%2Fdam%2Fcoles%2Fcusp%2Fsuppliers%2Ffy25%2F23-10-24%2F28157-singletile-bg-Diary%20Eggs%20and%20Fridge.jpg&amp;w=3840&amp;q=90 3840w" src="/_next/image?url=https%3A%2F%2Fwww.coles.com.au%2Fcontent%2Fdam%2Fcoles%2Fcusp%2Fsuppliers%2Ffy25%2F23-10-24%2F28157-singletile-bg-Diary%20Eggs%20and%20Fridge.jpg&amp;w=3840&amp;q=90" decoding="async" data-nimg="fill" class="product__background_image" loading="lazy" style="position:absolute;height:100%;width:100%;left:0;top:0;right:0;bottom:0;object-fit:cover;color:transparent"/><div class="product__badge"><span data-testid="simple-fixed-price-specials" class="sc-f4be1fe7-0 fFgzur"><span class="roundel-text simple-fixed-price-specials is-half-price">1/2</span><span class="roundel-adornment simple-fixed-price-specials is-half-price"><span></span>PRICE<span></span></span></span></div></div><div class="product__title_area"><h2 class="product__title">Fridge organisation made simple with Sistema</h2><div class="product__description">Storage solutions that inspire you.</div></div><div class="product__cta_section"><a style="text-align:center;line-height:1.1" href="/promotions/sistema-containers?pid=aisle_ctatile_supplier_br360_28157_44692" aria-label="Shop Sistema" target="_self" class="sc-745d6c85-0-a hASQRm product__cta_btn coles-targeting-ButtonButton button "><span aria-hidden="false" class="sc-d1851dcf-0 nqwlO coles-targeting-ButtonButtonChildContainer">Shop now</span></a></div></section></div></div><div role="presentation" data-testid="unit" class="sc-6c6b8071-0 lhIuUR coles-targeting-UnitContainer"><div><section data-testid="product-tile" class="sc-94249bad-8 joBIZU coles-targeting-ProductTileProductTileWrapper"><div class="sc-500ab215-0 gdBZRm coles-targeting-ProductTileHat product-hat coles-targeting-ProductTileHat product-hat" data-testid="product-hat"></div><div tabindex="0" class="sc-94249bad-11 iHToZU coles-targeting-ProductTileHeaderWrapper"><header class="product__header"><div class="product__image_area"><a tabindex="-1" class="product__link product__image" aria-label="Chobani Greek Yogurt Natural Light | 160g" href="/product/chobani-greek-yogurt-natural-light-160g-5939332"><span class="sc-51f151be-0 irGhqP"><img alt="" data-testid="product-image" srcSet="/_next/image?url=https%3A%2F%2Fproductimages.coles.com.au%2Fproductimages%2F5%2F5939332.jpg&amp;w=256&amp;q=90 1x, /_next/image?url=https%3A%2F%2Fproductimages.coles.com.au%2Fproductimages%2F5%2F5939332.jpg&amp;w=640&amp;q=90 2x" src="/_next/image?url=https%3A%2F%2Fproductimages.coles.com.au%2Fproductimages%2F5%2F5939332.jpg&amp;w=640&amp;q=90" width="200" height="200" decoding="async" data-nimg="1" loading="lazy" style="color:transparent;height:auto;max-width:100%;max-height:100%"/></span></a></div><div class="product__message-title_area" aria-hidden="true"><ul class="product__top_messaging"><li class="product__top_messaging__item">Promoted</li></ul><div class="sc-94249bad-21 khMxyt product__link product__link__analytics product__link product__link__analytics" tabindex="-1"><h2 class="LinesEllipsis  product__title">Chobani Greek Yogurt Natural Light | 160g<wbr/></h2></div><span data-testid="down-down" class="sc-f4be1fe7-0 gXctFU product__badge product__badge"><span class="roundel-text down-down">DOWN DOWN</span></span><div aria-hidden="true" class="product__pricing_area show-on-small-screen" data-testid="small-screen-pricing"><section class="sc-5fbea9b3-0 lcJbEb product__pricing product__pricing" data-testid="product_price"><div class="price"><span class="price__value" data-testid="product-pricing" aria-label="Price $2.15">$2.15</span><div class="sc-5fbea9b3-1 iTynCB"></div></div><div class="sc-79c0c972-0 jowmFP"><div class="price__calculation_method">$1.34 per 100g<div class="price__was"><strong>Was $2.70 on Sep 2024</strong></div></div></div></section></div></div></header></div><div class="product__cta_section"><div aria-hidden="false" class="product__pricing_area hide-on-small-screen" data-testid="large-screen-pricing"><section class="sc-5fbea9b3-0 lcJbEb product__pricing product__pricing" data-testid="product_price"><div class="price"><span class="price__value" data-testid="product-pricing" aria-label="Price $2.15">$2.15</span><div class="sc-5fbea9b3-1 iTynCB"></div></div><div class="sc-79c0c972-0 jowmFP"><div class="price__calculation_method">$1.34 per 100g<div class="price__was"><strong>Was $2.70 on Sep 2024</strong></div></div></div></section></div><div data-testid="product-tile-cta-content"><div class="unavailable-container hide-on-small-screen"><div aria-hidden="false" class="similar-product-unavailable hide-on-small-screen" data-testid="large-screen-similar-product-unavailable"></div></div><div class="sc-94249bad-7 hRRJpr product__lists_cta_wrapper" data-testid="product-lists-cta-wrapper"><div class="sc-94249bad-5 jLgRPd"><div data-testid="add-to-cart" class="sc-fa03433-0 kJRZNZ product__add_to_cart product__add_to_cart"><button data-testid="add-to-cart-button" aria-label="Add Chobani Greek Yogurt Natural Light to the trolley" class="sc-745d6c85-0 kXjmbO product-tiles-btn coles-targeting-ButtonButton button "><span aria-hidden="false" class="sc-d1851dcf-0 ivDnVb coles-targeting-ButtonButtonChildContainer"><svg focusable="false" xmlns="http://www.w3.org/2000/svg" width="24" height="24" viewBox="0 0 24 24"><g fill="none" fill-rule="evenodd"><path stroke="currentColor" stroke-linecap="round" stroke-linejoin="round" stroke-width="2" vector-effect="non-scaling-stroke" d="M8,22 C8.55228475,22 9,21.5522847 9,21 C9,20.4477153 8.55228475,20 8,20 C7.44771525,20 7,20.4477153 7,21 C7,21.5522847 7.44771525,22 8,22 Z M18,22 C18.5522847,22 19,21.5522847 19,21 C19,20.4477153 18.5522847,20 18,20 C17.4477153,20 17,20.4477153 17,21 C17,21.5522847 17.4477153,22 18,22 Z M2,3 L4.5,3 L6.68,14.39 C6.86873697,15.3402315 7.71138394,16.0185624 8.68,16 L17.4,16 C18.3686161,16.0185624 19.211263,15.3402315 19.4,14.39 L21,7 M13,12 L13,6 M10,9 L16,9"></path></g></svg>Add</span></button></div></div></div></div></div></section></div></div><div role="presentation" data-testid="unit" class="sc-6c6b8071-0 lhIuUR coles-targeting-UnitContainer"><div><section data-testid="product-tile" class="sc-94249bad-8 joBIZU coles-targeting-ProductTileProductTileWrapper"><div class="sc-500ab215-0 gdBZRm coles-targeting-ProductTileHat product-hat coles-targeting-ProductTileHat product-hat" data-testid="product-hat"></div><div tabindex="0" class="sc-94249bad-11 iHToZU coles-targeting-ProductTileHeaderWrapper"><header class="product__header"><div class="product__image_area"><a tabindex="-1" class="product__link product__image" aria-label="Chobani Greek Yogurt Lemon | 160g" href="/product/chobani-greek-yogurt-lemon-160g-5938613"><span class="sc-51f151be-0 irGhqP"><img alt="" data-testid="product-image" srcSet="/_next/image?url=https%3A%2F%2Fproductimages.coles.com.au%2Fproductimages%2F5%2F5938613.jpg&amp;w=256&amp;q=90 1x, /_next/image?url=https%3A%2F%2Fproductimages.coles.com.au%2Fproductimages%2F5%2F5938613.jpg&amp;w=640&amp;q=90 2x" src="/_next/image?url=https%3A%2F%2Fproductimages.coles.com.au%2Fproductimages%2F5%2F5938613.jpg&amp;w=640&amp;q=90" width="200" height="200" decoding="async" data-nimg="1" loading="lazy" style="color:transparent;height:auto;max-width:100%;max-height:100%"/></span></a></div><div class="product__message-title_area" aria-hidden="true"><ul class="product__top_messaging"><li class="product__top_messaging__item">Promoted</li></ul><div class="sc-94249bad-21 khMxyt product__link product__link__analytics product__link product__link__analytics" tabindex="-1"><h2 class="LinesEllipsis  product__title">Chobani Greek Yogurt Lemon | 160g<wbr/></h2></div><span data-testid="down-down" class="sc-f4be1fe7-0 gXctFU product__badge product__badge"><span class="roundel-text down-down">DOWN DOWN</span></span><div aria-hidden="true" class="product__pricing_area show-on-small-screen" data-testid="small-screen-pricing"><section class="sc-5fbea9b3-0 lcJbEb product__pricing product__pricing" data-testid="product_price"><div class="price"><span class="price__value" data-testid="product-pricing" aria-label="Price $2.15">$2.15</span><div class="sc-5fbea9b3-1 iTynCB"></div></div><div class="sc-79c0c972-0 jowmFP"><div class="price__calculation_method">$1.34 per 100g<div class="price__was"><strong>Was $2.70 on Sep 2024</strong></div></div></div></section></div></div></header></div><div class="product__cta_section"><div aria-hidden="false" class="product__pricing_area hide-on-small-screen" data-testid="large-screen-pricing"><section class="sc-5fbea9b3-0 lcJbEb product__pricing product__pricing" data-testid="product_price"><div class="price"><span class="price__value" data-testid="product-pricing" aria-label="Price $2.15">$2.15</span><div class="sc-5fbea9b3-1 iTynCB"></div></div><div class="sc-79c0c972-0 jowmFP"><div class="price__calculation_method">$1.34 per 100g<div class="price__was"><strong>Was $2.70 on Sep 2024</strong></div></div></div></section></div><div data-testid="product-tile-cta-content"><div class="unavailable-container hide-on-small-screen"><div aria-hidden="false" class="similar-product-unavailable hide-on-small-screen" data-testid="large-screen-similar-product-unavailable"></div></div><div class="sc-94249bad-7 hRRJpr product__lists_cta_wrapper" data-testid="product-lists-cta-wrapper"><div class="sc-94249bad-5 jLgRPd"><div data-testid="add-to-cart" class="sc-fa03433-0 kJRZNZ product__add_to_cart product__add_to_cart"><button data-testid="add-to-cart-button" aria-label="Add Chobani Greek Yogurt Lemon to the trolley" class="sc-745d6c85-0 kXjmbO product-tiles-btn coles-targeting-ButtonButton button "><span aria-hidden="false" class="sc-d1851dcf-0 ivDnVb coles-targeting-ButtonButtonChildContainer"><svg focusable="false" xmlns="http://www.w3.org/2000/svg" width="24" height="24" viewBox="0 0 24 24"><g fill="none" fill-rule="evenodd"><path stroke="currentColor" stroke-linecap="round" stroke-linejoin="round" stroke-width="2" vector-effect="non-scaling-stroke" d="M8,22 C8.55228475,22 9,21.5522847 9,21 C9,20.4477153 8.55228475,20 8,20 C7.44771525,20 7,20.4477153 7,21 C7,21.5522847 7.44771525,22 8,22 Z M18,22 C18.5522847,22 19,21.5522847 19,21 C19,20.4477153 18.5522847,20 18,20 C17.4477153,20 17,20.4477153 17,21 C17,21.5522847 17.4477153,22 18,22 Z M2,3 L4.5,3 L6.68,14.39 C6.86873697,15.3402315 7.71138394,16.0185624 8.68,16 L17.4,16 C18.3686161,16.0185624 19.211263,15.3402315 19.4,14.39 L21,7 M13,12 L13,6 M10,9 L16,9"></path></g></svg>Add</span></button></div></div></div></div></div></section></div></div><div role="presentation" data-testid="unit" class="sc-6c6b8071-0 lhIuUR coles-targeting-UnitContainer"><div><section tabindex="0" aria-label="Seasonal Edition: Green Goddess" data-testid="ad-tile-citrus" class="sc-65223730-0 emkSiz"><div class="product__image_area"><img alt="" data-testid="background-image" sizes="100vw" srcSet="/_next/image?url=https%3A%2F%2Fcoles.flavedo.io%2Fcitrus%2F2819c1c1-f8d4-4ab9-b640-3cc6a59cf119&amp;w=640&amp;q=90 640w, /_next/image?url=https%3A%2F%2Fcoles.flavedo.io%2Fcitrus%2F2819c1c1-f8d4-4ab9-b640-3cc6a59cf119&amp;w=750&amp;q=90 750w, /_next/image?url=https%3A%2F%2Fcoles.flavedo.io%2Fcitrus%2F2819c1c1-f8d4-4ab9-b640-3cc6a59cf119&amp;w=828&amp;q=90 828w, /_next/image?url=https%3A%2F%2Fcoles.flavedo.io%2Fcitrus%2F2819c1c1-f8d4-4ab9-b640-3cc6a59cf119&amp;w=1080&amp;q=90 1080w, /_next/image?url=https%3A%2F%2Fcoles.flavedo.io%2Fcitrus%2F2819c1c1-f8d4-4ab9-b640-3cc6a59cf119&amp;w=1200&amp;q=90 1200w, /_next/image?url=https%3A%2F%2Fcoles.flavedo.io%2Fcitrus%2F2819c1c1-f8d4-4ab9-b640-3cc6a59cf119&amp;w=1920&amp;q=90 1920w, /_next/image?url=https%3A%2F%2Fcoles.flavedo.io%2Fcitrus%2F2819c1c1-f8d4-4ab9-b640-3cc6a59cf119&amp;w=2048&amp;q=90 2048w, /_next/image?url=https%3A%2F%2Fcoles.flavedo.io%2Fcitrus%2F2819c1c1-f8d4-4ab9-b640-3cc6a59cf119&amp;w=3840&amp;q=90 3840w" src="/_next/image?url=https%3A%2F%2Fcoles.flavedo.io%2Fcitrus%2F2819c1c1-f8d4-4ab9-b640-3cc6a59cf119&amp;w=3840&amp;q=90" decoding="async" data-nimg="fill" class="product__background_image" loading="lazy" style="position:absolute;height:100%;width:100%;left:0;top:0;right:0;bottom:0;object-fit:cover;color:transparent"/><div class="product__badge"><span data-testid="simple-fixed-price-specials" class="sc-f4be1fe7-0 hjCQAH"><span class="roundel-text simple-fixed-price-specials"><span></span>SPECIAL<span></span></span></span></div><div class="product__hero_image"><img alt="Image of Green Goddess dip tub" data-testid="foreground-image" sizes="100vw" srcSet="/_next/image?url=https%3A%2F%2Fcoles.flavedo.io%2Fcitrus%2Fa89132e2-9c86-485e-8a91-a20976f5ab67&amp;w=640&amp;q=90 640w, /_next/image?url=https%3A%2F%2Fcoles.flavedo.io%2Fcitrus%2Fa89132e2-9c86-485e-8a91-a20976f5ab67&amp;w=750&amp;q=90 750w, /_next/image?url=https%3A%2F%2Fcoles.flavedo.io%2Fcitrus%2Fa89132e2-9c86-485e-8a91-a20976f5ab67&amp;w=828&amp;q=90 828w, /_next/image?url=https%3A%2F%2Fcoles.flavedo.io%2Fcitrus%2Fa89132e2-9c86-485e-8a91-a20976f5ab67&amp;w=1080&amp;q=90 1080w, /_next/image?url=https%3A%2F%2Fcoles.flavedo.io%2Fcitrus%2Fa89132e2-9c86-485e-8a91-a20976f5ab67&amp;w=1200&amp;q=90 1200w, /_next/image?url=https%3A%2F%2Fcoles.flavedo.io%2Fcitrus%2Fa89132e2-9c86-485e-8a91-a20976f5ab67&amp;w=1920&amp;q=90 1920w, /_next/image?url=https%3A%2F%2Fcoles.flavedo.io%2Fcitrus%2Fa89132e2-9c86-485e-8a91-a20976f5ab67&amp;w=2048&amp;q=90 2048w, /_next/image?url=https%3A%2F%2Fcoles.flavedo.io%2Fcitrus%2Fa89132e2-9c86-485e-8a91-a20976f5ab67&amp;w=3840&amp;q=90 3840w" src="/_next/image?url=https%3A%2F%2Fcoles.flavedo.io%2Fcitrus%2Fa89132e2-9c86-485e-8a91-a20976f5ab67&amp;w=3840&amp;q=90" decoding="async" data-nimg="fill" loading="lazy" style="position:absolute;height:100%;width:100%;left:0;top:0;right:0;bottom:0;object-fit:contain;color:transparent"/></div></div><div class="product__title_area"><h2 class="product__title">Seasonal Edition: Green Goddess</h2><div class="product__description">Great as a dip, on a salad or in a wrap!</div></div><div class="product__cta_section"><a style="text-align:center;line-height:1.1" href="/product/black-swan-seasonal-edition-green-goddess-dip-180g-8441371" aria-label="Shop now Green Goddess Dip" target="_self" class="sc-745d6c85-0-a hASQRm product__cta_btn coles-targeting-ButtonButton button "><span aria-hidden="false" class="sc-d1851dcf-0 nqwlO coles-targeting-ButtonButtonChildContainer">Shop now</span></a></div></section></div></div><div role="presentation" data-testid="unit" class="sc-6c6b8071-0 lhIuUR coles-targeting-UnitContainer"><div><section data-testid="product-tile" class="sc-94249bad-8 joBIZU coles-targeting-ProductTileProductTileWrapper"><div class="sc-500ab215-0 gdBZRm coles-targeting-ProductTileHat product-hat coles-targeting-ProductTileHat product-hat" data-testid="product-hat"></div><div tabindex="0" class="sc-94249bad-11 iHToZU coles-targeting-ProductTileHeaderWrapper"><header class="product__header"><div class="product__image_area"><a tabindex="-1" class="product__link product__image" aria-label="Chobani Greek Yogurt Tropical | 160g" href="/product/chobani-greek-yogurt-tropical-160g-6627030"><span class="sc-51f151be-0 irGhqP"><img alt="" data-testid="product-image" srcSet="/_next/image?url=https%3A%2F%2Fproductimages.coles.com.au%2Fproductimages%2F6%2F6627030.jpg&amp;w=256&amp;q=90 1x, /_next/image?url=https%3A%2F%2Fproductimages.coles.com.au%2Fproductimages%2F6%2F6627030.jpg&amp;w=640&amp;q=90 2x" src="/_next/image?url=https%3A%2F%2Fproductimages.coles.com.au%2Fproductimages%2F6%2F6627030.jpg&amp;w=640&amp;q=90" width="200" height="200" decoding="async" data-nimg="1" loading="lazy" style="color:transparent;height:auto;max-width:100%;max-height:100%"/></span></a></div><div class="product__message-title_area" aria-hidden="true"><ul class="product__top_messaging"><li class="product__top_messaging__item">Promoted</li></ul><div class="sc-94249bad-21 khMxyt product__link product__link__analytics product__link product__link__analytics" tabindex="-1"><h2 class="LinesEllipsis  product__title">Chobani Greek Yogurt Tropical | 160g<wbr/></h2></div><span data-testid="down-down" class="sc-f4be1fe7-0 gXctFU product__badge product__badge"><span class="roundel-text down-down">DOWN DOWN</span></span><div aria-hidden="true" class="product__pricing_area show-on-small-screen" data-testid="small-screen-pricing"><section class="sc-5fbea9b3-0 lcJbEb product__pricing product__pricing" data-testid="product_price"><div class="price"><span class="price__value" data-testid="product-pricing" aria-label="Price $2.15">$2.15</span><div class="sc-5fbea9b3-1 iTynCB"></div></div><div class="sc-79c0c972-0 jowmFP"><div class="price__calculation_method">$1.34 per 100g<div class="price__was"><strong>Was $2.70 on Sep 2024</strong></div></div></div></section></div></div></header></div><div class="product__cta_section"><div aria-hidden="false" class="product__pricing_area hide-on-small-screen" data-testid="large-screen-pricing"><section class="sc-5fbea9b3-0 lcJbEb product__pricing product__pricing" data-testid="product_price"><div class="price"><span class="price__value" data-testid="product-pricing" aria-label="Price $2.15">$2.15</span><div class="sc-5fbea9b3-1 iTynCB"></div></div><div class="sc-79c0c972-0 jowmFP"><div class="price__calculation_method">$1.34 per 100g<div class="price__was"><strong>Was $2.70 on Sep 2024</strong></div></div></div></section></div><div data-testid="product-tile-cta-content"><div class="unavailable-container hide-on-small-screen"><div aria-hidden="false" class="similar-product-unavailable hide-on-small-screen" data-testid="large-screen-similar-product-unavailable"></div></div><div class="sc-94249bad-7 hRRJpr product__lists_cta_wrapper" data-testid="product-lists-cta-wrapper"><div class="sc-94249bad-5 jLgRPd"><div data-testid="add-to-cart" class="sc-fa03433-0 kJRZNZ product__add_to_cart product__add_to_cart"><button data-testid="add-to-cart-button" aria-label="Add Chobani Greek Yogurt Tropical to the trolley" class="sc-745d6c85-0 kXjmbO product-tiles-btn coles-targeting-ButtonButton button "><span aria-hidden="false" class="sc-d1851dcf-0 ivDnVb coles-targeting-ButtonButtonChildContainer"><svg focusable="false" xmlns="http://www.w3.org/2000/svg" width="24" height="24" viewBox="0 0 24 24"><g fill="none" fill-rule="evenodd"><path stroke="currentColor" stroke-linecap="round" stroke-linejoin="round" stroke-width="2" vector-effect="non-scaling-stroke" d="M8,22 C8.55228475,22 9,21.5522847 9,21 C9,20.4477153 8.55228475,20 8,20 C7.44771525,20 7,20.4477153 7,21 C7,21.5522847 7.44771525,22 8,22 Z M18,22 C18.5522847,22 19,21.5522847 19,21 C19,20.4477153 18.5522847,20 18,20 C17.4477153,20 17,20.4477153 17,21 C17,21.5522847 17.4477153,22 18,22 Z M2,3 L4.5,3 L6.68,14.39 C6.86873697,15.3402315 7.71138394,16.0185624 8.68,16 L17.4,16 C18.3686161,16.0185624 19.211263,15.3402315 19.4,14.39 L21,7 M13,12 L13,6 M10,9 L16,9"></path></g></svg>Add</span></button></div></div></div></div></div></section></div></div><div role="presentation" data-testid="unit" class="sc-6c6b8071-0 lhIuUR coles-targeting-UnitContainer"><div><section data-testid="product-tile" class="sc-94249bad-8 joBIZU coles-targeting-ProductTileProductTileWrapper"><div class="sc-500ab215-0 gdBZRm coles-targeting-ProductTileHat product-hat coles-targeting-ProductTileHat product-hat" data-testid="product-hat"></div><div tabindex="0" class="sc-94249bad-11 iHToZU coles-targeting-ProductTileHeaderWrapper"><header class="product__header"><div class="product__image_area"><a tabindex="-1" class="product__link product__image" aria-label="Latina Fresh Kids Mini Ravioli Pasta Beef &amp; Vegetable | 200g" href="/product/latina-fresh-kids-mini-ravioli-pasta-beef-and-vegetable-200g-6393915"><span class="sc-51f151be-0 irGhqP"><img alt="" data-testid="product-image" srcSet="/_next/image?url=https%3A%2F%2Fproductimages.coles.com.au%2Fproductimages%2F6%2F6393915.jpg&amp;w=256&amp;q=90 1x, /_next/image?url=https%3A%2F%2Fproductimages.coles.com.au%2Fproductimages%2F6%2F6393915.jpg&amp;w=640&amp;q=90 2x" src="/_next/image?url=https%3A%2F%2Fproductimages.coles.com.au%2Fproductimages%2F6%2F6393915.jpg&amp;w=640&amp;q=90" width="200" height="200" decoding="async" data-nimg="1" loading="lazy" style="color:transparent;height:auto;max-width:100%;max-height:100%"/></span></a></div><div class="product__message-title_area" aria-hidden="true"><ul class="product__top_messaging"><li class="product__top_messaging__item">Promoted</li></ul><div class="sc-94249bad-21 khMxyt product__link product__link__analytics product__link product__link__analytics" tabindex="-1"><h2 class="LinesEllipsis  product__title">Latina Fresh Kids Mini Ravioli Pasta Beef &amp; Vegetable | 200g<wbr/></h2></div><div aria-hidden="true" class="product__pricing_area show-on-small-screen" data-testid="small-screen-pricing"><section class="sc-5fbea9b3-0 lcJbEb product__pricing product__pricing" data-testid="product_price"><div class="price"><span class="price__value" data-testid="product-pricing" aria-label="Price $6.00">$6.00</span><div class="sc-5fbea9b3-1 iTynCB"></div></div><div class="sc-79c0c972-0 jowmFP"><div class="price__calculation_method">$3.00 per 100g</div></div></section></div></div></header></div><div class="product__cta_section"><div aria-hidden="false" class="product__pricing_area hide-on-small-screen" data-testid="large-screen-pricing"><section class="sc-5fbea9b3-0 lcJbEb product__pricing product__pricing" data-testid="product_price"><div class="price"><span class="price__value" data-testid="product-pricing" aria-label="Price $6.00">$6.00</span><div class="sc-5fbea9b3-1 iTynCB"></div></div><div class="sc-79c0c972-0 jowmFP"><div class="price__calculation_method">$3.00 per 100g</div></div></section></div><div data-testid="product-tile-cta-content"><div class="unavailable-container hide-on-small-screen"><div aria-hidden="false" class="similar-product-unavailable hide-on-small-screen" data-testid="large-screen-similar-product-unavailable"></div></div><div class="sc-94249bad-7 hRRJpr product__lists_cta_wrapper" data-testid="product-lists-cta-wrapper"><div class="sc-94249bad-5 jLgRPd"><div data-testid="add-to-cart" class="sc-fa03433-0 kJRZNZ product__add_to_cart product__add_to_cart"><button data-testid="add-to-cart-button" aria-label="Add Latina Fresh Kids Mini Ravioli Pasta Beef &amp; Vegetable to the trolley" class="sc-745d6c85-0 kXjmbO product-tiles-btn coles-targeting-ButtonButton button "><span aria-hidden="false" class="sc-d1851dcf-0 ivDnVb coles-targeting-ButtonButtonChildContainer"><svg focusable="false" xmlns="http://www.w3.org/2000/svg" width="24" height="24" viewBox="0 0 24 24"><g fill="none" fill-rule="evenodd"><path stroke="currentColor" stroke-linecap="round" stroke-linejoin="round" stroke-width="2" vector-effect="non-scaling-stroke" d="M8,22 C8.55228475,22 9,21.5522847 9,21 C9,20.4477153 8.55228475,20 8,20 C7.44771525,20 7,20.4477153 7,21 C7,21.5522847 7.44771525,22 8,22 Z M18,22 C18.5522847,22 19,21.5522847 19,21 C19,20.4477153 18.5522847,20 18,20 C17.4477153,20 17,20.4477153 17,21 C17,21.5522847 17.4477153,22 18,22 Z M2,3 L4.5,3 L6.68,14.39 C6.86873697,15.3402315 7.71138394,16.0185624 8.68,16 L17.4,16 C18.3686161,16.0185624 19.211263,15.3402315 19.4,14.39 L21,7 M13,12 L13,6 M10,9 L16,9"></path></g></svg>Add</span></button></div></div></div></div></div></section></div></div><div role="presentation" data-testid="unit" class="sc-6c6b8071-0 lhIuUR coles-targeting-UnitContainer"><div><section tabindex="0" aria-label="Try DARI&#x27;S today, it&#x27;s soup that feels like home." data-testid="ad-tile-citrus" class="sc-65223730-0 emkSiz"><div class="product__image_area"><img alt="" data-testid="background-image" sizes="100vw" srcSet="/_next/image?url=https%3A%2F%2Fcoles.flavedo.io%2Fcitrus%2F9f49a419-bff6-46c1-953c-4b59064e2e73&amp;w=640&amp;q=90 640w, /_next/image?url=https%3A%2F%2Fcoles.flavedo.io%2Fcitrus%2F9f49a419-bff6-46c1-953c-4b59064e2e73&amp;w=750&amp;q=90 750w, /_next/image?url=https%3A%2F%2Fcoles.flavedo.io%2Fcitrus%2F9f49a419-bff6-46c1-953c-4b59064e2e73&amp;w=828&amp;q=90 828w, /_next/image?url=https%3A%2F%2Fcoles.flavedo.io%2Fcitrus%2F9f49a419-bff6-46c1-953c-4b59064e2e73&amp;w=1080&amp;q=90 1080w, /_next/image?url=https%3A%2F%2Fcoles.flavedo.io%2Fcitrus%2F9f49a419-bff6-46c1-953c-4b59064e2e73&amp;w=1200&amp;q=90 1200w, /_next/image?url=https%3A%2F%2Fcoles.flavedo.io%2Fcitrus%2F9f49a419-bff6-46c1-953c-4b59064e2e73&amp;w=1920&amp;q=90 1920w, /_next/image?url=https%3A%2F%2Fcoles.flavedo.io%2Fcitrus%2F9f49a419-bff6-46c1-953c-4b59064e2e73&amp;w=2048&amp;q=90 2048w, /_next/image?url=https%3A%2F%2Fcoles.flavedo.io%2Fcitrus%2F9f49a419-bff6-46c1-953c-4b59064e2e73&amp;w=3840&amp;q=90 3840w" src="/_next/image?url=https%3A%2F%2Fcoles.flavedo.io%2Fcitrus%2F9f49a419-bff6-46c1-953c-4b59064e2e73&amp;w=3840&amp;q=90" decoding="async" data-nimg="fill" class="product__background_image" loading="lazy" style="position:absolute;height:100%;width:100%;left:0;top:0;right:0;bottom:0;object-fit:cover;color:transparent"/><div class="product__badge"><span data-testid="try-now" class="sc-f4be1fe7-0 gzXASM"><span class="roundel-text try-now">TRY NOW</span></span></div></div><div class="product__title_area"><h2 class="product__title">Try DARI&#x27;S today, it&#x27;s soup that feels like home.</h2></div><div class="product__cta_section"><a style="text-align:center;line-height:1.1" href="/search/products?q=dari%27s%20soup" aria-label="Find the whole DARI&#x27;S range here!" target="_self" class="sc-745d6c85-0-a hASQRm product__cta_btn coles-targeting-ButtonButton button "><span aria-hidden="false" class="sc-d1851dcf-0 nqwlO coles-targeting-ButtonButtonChildContainer">Shop now</span></a></div></section></div></div><div role="presentation" data-testid="unit" class="sc-6c6b8071-0 lhIuUR coles-targeting-UnitContainer"><div><section data-testid="product-tile" class="sc-94249bad-8 joBIZU coles-targeting-ProductTileProductTileWrapper"><div class="sc-500ab215-0 gdBZRm coles-targeting-ProductTileHat product-hat is-special coles-targeting-ProductTileHat product-hat is-special" data-testid="product-hat">Special</div><div tabindex="0" class="sc-94249bad-11 iHToZU coles-targeting-ProductTileHeaderWrapper"><header class="product__header"><div class="product__image_area"><a tabindex="-1" class="product__link product__image" aria-label="Latina Fresh Egg Fettuccine Pasta | 375g" href="/product/latina-fresh-egg-fettuccine-pasta-375g-5051790"><span class="sc-51f151be-0 irGhqP"><img alt="" data-testid="product-image" srcSet="/_next/image?url=https%3A%2F%2Fproductimages.coles.com.au%2Fproductimages%2F5%2F5051790.jpg&amp;w=256&amp;q=90 1x, /_next/image?url=https%3A%2F%2Fproductimages.coles.com.au%2Fproductimages%2F5%2F5051790.jpg&amp;w=640&amp;q=90 2x" src="/_next/image?url=https%3A%2F%2Fproductimages.coles.com.au%2Fproductimages%2F5%2F5051790.jpg&amp;w=640&amp;q=90" width="200" height="200" decoding="async" data-nimg="1" loading="lazy" style="color:transparent;height:auto;max-width:100%;max-height:100%"/></span></a></div><div class="product__message-title_area" aria-hidden="true"><ul class="product__top_messaging"><li class="product__top_messaging__item">Promoted</li></ul><div class="sc-94249bad-21 khMxyt product__link product__link__analytics product__link product__link__analytics" tabindex="-1"><h2 class="LinesEllipsis  product__title">Latina Fresh Egg Fettuccine Pasta | 375g<wbr/></h2></div><span data-testid="simple-fixed-price-specials" class="sc-f4be1fe7-0 hjCQAH product__badge product__badge"><span class="roundel-text simple-fixed-price-specials"><span></span>SPECIAL<span></span></span></span><div aria-hidden="true" class="product__pricing_area show-on-small-screen" data-testid="small-screen-pricing"><section class="sc-5fbea9b3-0 lcJbEb product__pricing product__pricing" data-testid="product_price"><div class="price"><span class="price__value" data-testid="product-pricing" aria-label="Price $5.40">$5.40</span><span data-testid="badge-wrapper" type="savings" class="sc-54c91287-0 ixaypx badge is-small badge is-small"><section aria-label="" class="badge-label">Save $0.60</section></span><div class="sc-5fbea9b3-1 iTynCB"></div></div><div class="sc-79c0c972-0 jowmFP"><div class="price__calculation_method">$1.44 per 100g<span class="price__was"> | Was $6.00</span></div></div></section></div></div></header></div><div class="product__cta_section"><div aria-hidden="false" class="product__pricing_area hide-on-small-screen" data-testid="large-screen-pricing"><section class="sc-5fbea9b3-0 lcJbEb product__pricing product__pricing" data-testid="product_price"><div class="price"><span class="price__value" data-testid="product-pricing" aria-label="Price $5.40">$5.40</span><span data-testid="badge-wrapper" type="savings" class="sc-54c91287-0 ixaypx badge is-small badge is-small"><section aria-label="" class="badge-label">Save $0.60</section></span><div class="sc-5fbea9b3-1 iTynCB"></div></div><div class="sc-79c0c972-0 jowmFP"><div class="price__calculation_method">$1.44 per 100g<span class="price__was"> | Was $6.00</span></div></div></section></div><div data-testid="product-tile-cta-content"><div class="unavailable-container hide-on-small-screen"><div aria-hidden="false" class="similar-product-unavailable hide-on-small-screen" data-testid="large-screen-similar-product-unavailable"></div></div><div class="sc-94249bad-7 hRRJpr product__lists_cta_wrapper" data-testid="product-lists-cta-wrapper"><div class="sc-94249bad-5 jLgRPd"><div data-testid="add-to-cart" class="sc-fa03433-0 kJRZNZ product__add_to_cart product__add_to_cart"><button data-testid="add-to-cart-button" aria-label="Add Latina Fresh Egg Fettuccine Pasta to the trolley" class="sc-745d6c85-0 kXjmbO product-tiles-btn coles-targeting-ButtonButton button "><span aria-hidden="false" class="sc-d1851dcf-0 ivDnVb coles-targeting-ButtonButtonChildContainer"><svg focusable="false" xmlns="http://www.w3.org/2000/svg" width="24" height="24" viewBox="0 0 24 24"><g fill="none" fill-rule="evenodd"><path stroke="currentColor" stroke-linecap="round" stroke-linejoin="round" stroke-width="2" vector-effect="non-scaling-stroke" d="M8,22 C8.55228475,22 9,21.5522847 9,21 C9,20.4477153 8.55228475,20 8,20 C7.44771525,20 7,20.4477153 7,21 C7,21.5522847 7.44771525,22 8,22 Z M18,22 C18.5522847,22 19,21.5522847 19,21 C19,20.4477153 18.5522847,20 18,20 C17.4477153,20 17,20.4477153 17,21 C17,21.5522847 17.4477153,22 18,22 Z M2,3 L4.5,3 L6.68,14.39 C6.86873697,15.3402315 7.71138394,16.0185624 8.68,16 L17.4,16 C18.3686161,16.0185624 19.211263,15.3402315 19.4,14.39 L21,7 M13,12 L13,6 M10,9 L16,9"></path></g></svg>Add</span></button></div></div></div></div></div></section></div></div><div role="presentation" data-testid="unit" class="sc-6c6b8071-0 lhIuUR coles-targeting-UnitContainer"><div><section data-testid="product-tile" class="sc-94249bad-8 joBIZU coles-targeting-ProductTileProductTileWrapper"><div class="sc-500ab215-0 gdBZRm coles-targeting-ProductTileHat product-hat coles-targeting-ProductTileHat product-hat" data-testid="product-hat"></div><div tabindex="0" class="sc-94249bad-11 iHToZU coles-targeting-ProductTileHeaderWrapper"><header class="product__header"><div class="product__image_area"><a tabindex="-1" class="product__link product__image" aria-label="Pauls Custard Vanilla | 1kg" href="/product/pauls-custard-vanilla-1kg-279939"><span class="sc-51f151be-0 irGhqP"><img alt="" data-testid="product-image" srcSet="/_next/image?url=https%3A%2F%2Fproductimages.coles.com.au%2Fproductimages%2F2%2F279939.jpg&amp;w=256&amp;q=90 1x, /_next/image?url=https%3A%2F%2Fproductimages.coles.com.au%2Fproductimages%2F2%2F279939.jpg&amp;w=640&amp;q=90 2x" src="/_next/image?url=https%3A%2F%2Fproductimages.coles.com.au%2Fproductimages%2F2%2F279939.jpg&amp;w=640&amp;q=90" width="200" height="200" decoding="async" data-nimg="1" loading="lazy" style="color:transparent;height:auto;max-width:100%;max-height:100%"/></span></a></div><div class="product__message-title_area" aria-hidden="true"><ul class="product__top_messaging"><li class="product__top_messaging__item">Promoted</li></ul><div class="sc-94249bad-21 khMxyt product__link product__link__analytics product__link product__link__analytics" tabindex="-1"><h2 class="LinesEllipsis  product__title">Pauls Custard Vanilla | 1kg<wbr/></h2></div><div aria-hidden="true" class="product__pricing_area show-on-small-screen" data-testid="small-screen-pricing"><section class="sc-5fbea9b3-0 lcJbEb product__pricing product__pricing" data-testid="product_price"><div class="price"><span class="price__value" data-testid="product-pricing" aria-label="Price $5.00">$5.00</span><div class="sc-5fbea9b3-1 iTynCB"></div></div><div class="sc-79c0c972-0 jowmFP"><div class="price__calculation_method">$0.50 per 100g</div></div></section></div></div></header></div><div class="product__cta_section"><div aria-hidden="false" class="product__pricing_area hide-on-small-screen" data-testid="large-screen-pricing"><section class="sc-5fbea9b3-0 lcJbEb product__pricing product__pricing" data-testid="product_price"><div class="price"><span class="price__value" data-testid="product-pricing" aria-label="Price $5.00">$5.00</span><div class="sc-5fbea9b3-1 iTynCB"></div></div><div class="sc-79c0c972-0 jowmFP"><div class="price__calculation_method">$0.50 per 100g</div></div></section></div><div data-testid="product-tile-cta-content"><div class="unavailable-container hide-on-small-screen"><div aria-hidden="false" class="similar-product-unavailable hide-on-small-screen" data-testid="large-screen-similar-product-unavailable"></div></div><div class="sc-94249bad-7 hRRJpr product__lists_cta_wrapper" data-testid="product-lists-cta-wrapper"><div class="sc-94249bad-5 jLgRPd"><div data-testid="add-to-cart" class="sc-fa03433-0 kJRZNZ product__add_to_cart product__add_to_cart"><button data-testid="add-to-cart-button" aria-label="Add Pauls Custard Vanilla to the trolley" class="sc-745d6c85-0 kXjmbO product-tiles-btn coles-targeting-ButtonButton button "><span aria-hidden="false" class="sc-d1851dcf-0 ivDnVb coles-targeting-ButtonButtonChildContainer"><svg focusable="false" xmlns="http://www.w3.org/2000/svg" width="24" height="24" viewBox="0 0 24 24"><g fill="none" fill-rule="evenodd"><path stroke="currentColor" stroke-linecap="round" stroke-linejoin="round" stroke-width="2" vector-effect="non-scaling-stroke" d="M8,22 C8.55228475,22 9,21.5522847 9,21 C9,20.4477153 8.55228475,20 8,20 C7.44771525,20 7,20.4477153 7,21 C7,21.5522847 7.44771525,22 8,22 Z M18,22 C18.5522847,22 19,21.5522847 19,21 C19,20.4477153 18.5522847,20 18,20 C17.4477153,20 17,20.4477153 17,21 C17,21.5522847 17.4477153,22 18,22 Z M2,3 L4.5,3 L6.68,14.39 C6.86873697,15.3402315 7.71138394,16.0185624 8.68,16 L17.4,16 C18.3686161,16.0185624 19.211263,15.3402315 19.4,14.39 L21,7 M13,12 L13,6 M10,9 L16,9"></path></g></svg>Add</span></button></div></div></div></div></div></section></div></div><section data-testid="product-tile" class="sc-94249bad-8 joBIZU coles-targeting-ProductTileProductTileWrapper"><div class="sc-500ab215-0 gdBZRm coles-targeting-ProductTileHat product-hat coles-targeting-ProductTileHat product-hat" data-testid="product-hat"></div><div tabindex="0" class="sc-94249bad-11 iHToZU coles-targeting-ProductTileHeaderWrapper"><header class="product__header"><div class="product__image_area"><a tabindex="-1" class="product__link product__image" aria-label="Farmers Union Yogurt Natural Greek Style | 240g" href="/product/farmers-union-yogurt-natural-greek-style-240g-6604351"><span class="sc-51f151be-0 irGhqP"><img alt="" data-testid="product-image" srcSet="/_next/image?url=https%3A%2F%2Fproductimages.coles.com.au%2Fproductimages%2F6%2F6604351.jpg&amp;w=256&amp;q=90 1x, /_next/image?url=https%3A%2F%2Fproductimages.coles.com.au%2Fproductimages%2F6%2F6604351.jpg&amp;w=640&amp;q=90 2x" src="/_next/image?url=https%3A%2F%2Fproductimages.coles.com.au%2Fproductimages%2F6%2F6604351.jpg&amp;w=640&amp;q=90" width="200" height="200" decoding="async" data-nimg="1" loading="lazy" style="color:transparent;height:auto;max-width:100%;max-height:100%"/></span></a></div><div class="product__message-title_area" aria-hidden="true"><div class="sc-94249bad-21 khMxyt product__link product__link__analytics product__link product__link__analytics" tabindex="-1"><h2 class="LinesEllipsis  product__title">Farmers Union Yogurt Natural Greek Style | 240g<wbr/></h2></div><span data-testid="every-day" class="sc-f4be1fe7-0 gXctFU product__badge product__badge"><span class="roundel-text every-day">EVERY DAY</span></span><div aria-hidden="true" class="product__pricing_area show-on-small-screen" data-testid="small-screen-pricing"><section class="sc-5fbea9b3-0 lcJbEb product__pricing product__pricing" data-testid="product_price"><div class="price"><span class="price__value" data-testid="product-pricing" aria-label="Price $3.10">$3.10</span><div class="sc-5fbea9b3-1 iTynCB"></div></div><div class="sc-79c0c972-0 jowmFP"><div class="price__calculation_method">$1.29 per 100g</div></div></section></div></div></header></div><div class="product__cta_section"><div aria-hidden="false" class="product__pricing_area hide-on-small-screen" data-testid="large-screen-pricing"><section class="sc-5fbea9b3-0 lcJbEb product__pricing product__pricing" data-testid="product_price"><div class="price"><span class="price__value" data-testid="product-pricing" aria-label="Price $3.10">$3.10</span><div class="sc-5fbea9b3-1 iTynCB"></div></div><div class="sc-79c0c972-0 jowmFP"><div class="price__calculation_method">$1.29 per 100g</div></div></section></div><div data-testid="product-tile-cta-content"><div class="unavailable-container hide-on-small-screen"><div aria-hidden="false" class="similar-product-unavailable hide-on-small-screen" data-testid="large-screen-similar-product-unavailable"></div></div><div class="sc-94249bad-7 hRRJpr product__lists_cta_wrapper" data-testid="product-lists-cta-wrapper"><div class="sc-94249bad-5 jLgRPd"><div data-testid="add-to-cart" class="sc-fa03433-0 kJRZNZ product__add_to_cart product__add_to_cart"><button data-testid="add-to-cart-button" aria-label="Add Farmers Union Yogurt Natural Greek Style to the trolley" class="sc-745d6c85-0 kXjmbO product-tiles-btn coles-targeting-ButtonButton button "><span aria-hidden="false" class="sc-d1851dcf-0 ivDnVb coles-targeting-ButtonButtonChildContainer"><svg focusable="false" xmlns="http://www.w3.org/2000/svg" width="24" height="24" viewBox="0 0 24 24"><g fill="none" fill-rule="evenodd"><path stroke="currentColor" stroke-linecap="round" stroke-linejoin="round" stroke-width="2" vector-effect="non-scaling-stroke" d="M8,22 C8.55228475,22 9,21.5522847 9,21 C9,20.4477153 8.55228475,20 8,20 C7.44771525,20 7,20.4477153 7,21 C7,21.5522847 7.44771525,22 8,22 Z M18,22 C18.5522847,22 19,21.5522847 19,21 C19,20.4477153 18.5522847,20 18,20 C17.4477153,20 17,20.4477153 17,21 C17,21.5522847 17.4477153,22 18,22 Z M2,3 L4.5,3 L6.68,14.39 C6.86873697,15.3402315 7.71138394,16.0185624 8.68,16 L17.4,16 C18.3686161,16.0185624 19.211263,15.3402315 19.4,14.39 L21,7 M13,12 L13,6 M10,9 L16,9"></path></g></svg>Add</span></button></div></div></div></div></div></section><section data-testid="product-tile" class="sc-94249bad-8 joBIZU coles-targeting-ProductTileProductTileWrapper"><div class="sc-500ab215-0 gdBZRm coles-targeting-ProductTileHat product-hat is-special coles-targeting-ProductTileHat product-hat is-special" data-testid="product-hat">Special</div><div tabindex="0" class="sc-94249bad-11 iHToZU coles-targeting-ProductTileHeaderWrapper"><header class="product__header"><div class="product__image_area"><a tabindex="-1" class="product__link product__image" aria-label="Perfect Italiano Perfect Pizza Grated Cheese | 450g" href="/product/perfect-italiano-perfect-pizza-grated-cheese-450g-5723490"><span class="sc-51f151be-0 irGhqP"><img alt="" data-testid="product-image" srcSet="/_next/image?url=https%3A%2F%2Fproductimages.coles.com.au%2Fproductimages%2F5%2F5723490.jpg&amp;w=256&amp;q=90 1x, /_next/image?url=https%3A%2F%2Fproductimages.coles.com.au%2Fproductimages%2F5%2F5723490.jpg&amp;w=640&amp;q=90 2x" src="/_next/image?url=https%3A%2F%2Fproductimages.coles.com.au%2Fproductimages%2F5%2F5723490.jpg&amp;w=640&amp;q=90" width="200" height="200" decoding="async" data-nimg="1" loading="lazy" style="color:transparent;height:auto;max-width:100%;max-height:100%"/></span></a></div><div class="product__message-title_area" aria-hidden="true"><div class="sc-94249bad-21 khMxyt product__link product__link__analytics product__link product__link__analytics" tabindex="-1"><h2 class="LinesEllipsis  product__title">Perfect Italiano Perfect Pizza Grated Cheese | 450g<wbr/></h2></div><span data-testid="simple-fixed-price-specials" class="sc-f4be1fe7-0 hjCQAH product__badge product__badge"><span class="roundel-text simple-fixed-price-specials"><span></span>SPECIAL<span></span></span></span><div aria-hidden="true" class="product__pricing_area show-on-small-screen" data-testid="small-screen-pricing"><section class="sc-5fbea9b3-0 lcJbEb product__pricing product__pricing" data-testid="product_price"><div class="price"><span class="price__value" data-testid="product-pricing" aria-label="Price $7.50">$7.50</span><span data-testid="badge-wrapper" type="savings" class="sc-54c91287-0 ixaypx badge is-small badge is-small"><section aria-label="" class="badge-label">Save $2.00</section></span><div class="sc-5fbea9b3-1 iTynCB"></div></div><div class="sc-79c0c972-0 jowmFP"><div class="price__calculation_method">$16.67 per 1kg<span class="price__was"> | Was $9.50</span></div></div></section></div></div></header></div><div class="product__cta_section"><div aria-hidden="false" class="product__pricing_area hide-on-small-screen" data-testid="large-screen-pricing"><section class="sc-5fbea9b3-0 lcJbEb product__pricing product__pricing" data-testid="product_price"><div class="price"><span class="price__value" data-testid="product-pricing" aria-label="Price $7.50">$7.50</span><span data-testid="badge-wrapper" type="savings" class="sc-54c91287-0 ixaypx badge is-small badge is-small"><section aria-label="" class="badge-label">Save $2.00</section></span><div class="sc-5fbea9b3-1 iTynCB"></div></div><div class="sc-79c0c972-0 jowmFP"><div class="price__calculation_method">$16.67 per 1kg<span class="price__was"> | Was $9.50</span></div></div></section></div><div data-testid="product-tile-cta-content"><div class="unavailable-container hide-on-small-screen"><div aria-hidden="false" class="similar-product-unavailable hide-on-small-screen" data-testid="large-screen-similar-product-unavailable"></div></div><div class="sc-94249bad-7 hRRJpr product__lists_cta_wrapper" data-testid="product-lists-cta-wrapper"><div class="sc-94249bad-5 jLgRPd"><div data-testid="add-to-cart" class="sc-fa03433-0 kJRZNZ product__add_to_cart product__add_to_cart"><button data-testid="add-to-cart-button" aria-label="Add Perfect Italiano Perfect Pizza Grated Cheese to the trolley" class="sc-745d6c85-0 kXjmbO product-tiles-btn coles-targeting-ButtonButton button "><span aria-hidden="false" class="sc-d1851dcf-0 ivDnVb coles-targeting-ButtonButtonChildContainer"><svg focusable="false" xmlns="http://www.w3.org/2000/svg" width="24" height="24" viewBox="0 0 24 24"><g fill="none" fill-rule="evenodd"><path stroke="currentColor" stroke-linecap="round" stroke-linejoin="round" stroke-width="2" vector-effect="non-scaling-stroke" d="M8,22 C8.55228475,22 9,21.5522847 9,21 C9,20.4477153 8.55228475,20 8,20 C7.44771525,20 7,20.4477153 7,21 C7,21.5522847 7.44771525,22 8,22 Z M18,22 C18.5522847,22 19,21.5522847 19,21 C19,20.4477153 18.5522847,20 18,20 C17.4477153,20 17,20.4477153 17,21 C17,21.5522847 17.4477153,22 18,22 Z M2,3 L4.5,3 L6.68,14.39 C6.86873697,15.3402315 7.71138394,16.0185624 8.68,16 L17.4,16 C18.3686161,16.0185624 19.211263,15.3402315 19.4,14.39 L21,7 M13,12 L13,6 M10,9 L16,9"></path></g></svg>Add</span></button></div></div></div></div></div></section><section data-testid="product-tile" class="sc-94249bad-8 joBIZU coles-targeting-ProductTileProductTileWrapper"><div class="sc-500ab215-0 gdBZRm coles-targeting-ProductTileHat product-hat is-special coles-targeting-ProductTileHat product-hat is-special" data-testid="product-hat">Special</div><div tabindex="0" class="sc-94249bad-11 iHToZU coles-targeting-ProductTileHeaderWrapper"><header class="product__header"><div class="product__image_area"><a tabindex="-1" class="product__link product__image" aria-label="Coles Margherita Pizza Rolls | 2 pack" href="/product/coles-margherita-pizza-rolls-2-pack-2151324"><span class="sc-51f151be-0 irGhqP"><img alt="" data-testid="product-image" srcSet="/_next/image?url=https%3A%2F%2Fproductimages.coles.com.au%2Fproductimages%2F2%2F2151324.jpg&amp;w=256&amp;q=90 1x, /_next/image?url=https%3A%2F%2Fproductimages.coles.com.au%2Fproductimages%2F2%2F2151324.jpg&amp;w=640&amp;q=90 2x" src="/_next/image?url=https%3A%2F%2Fproductimages.coles.com.au%2Fproductimages%2F2%2F2151324.jpg&amp;w=640&amp;q=90" width="200" height="200" decoding="async" data-nimg="1" loading="lazy" style="color:transparent;height:auto;max-width:100%;max-height:100%"/></span></a></div><div class="product__message-title_area" aria-hidden="true"><div class="sc-94249bad-21 khMxyt product__link product__link__analytics product__link product__link__analytics" tabindex="-1"><h2 class="LinesEllipsis  product__title">Coles Margherita Pizza Rolls | 2 pack<wbr/></h2></div><span data-testid="simple-fixed-price-specials" class="sc-f4be1fe7-0 hjCQAH product__badge product__badge"><span class="roundel-text simple-fixed-price-specials"><span></span>SPECIAL<span></span></span></span><div aria-hidden="true" class="product__pricing_area show-on-small-screen" data-testid="small-screen-pricing"><section class="sc-5fbea9b3-0 lcJbEb product__pricing product__pricing" data-testid="product_price"><div class="price"><span class="price__value" data-testid="product-pricing" aria-label="Price $3.50">$3.50</span><span data-testid="badge-wrapper" type="savings" class="sc-54c91287-0 ixaypx badge is-small badge is-small"><section aria-label="" class="badge-label">Save $0.65</section></span><div class="sc-5fbea9b3-1 iTynCB"></div></div><div class="sc-79c0c972-0 jowmFP"><div class="price__calculation_method">$1.75 per 1ea<span class="price__was"> | Was $4.15</span></div></div></section></div></div></header></div><div class="product__cta_section"><div aria-hidden="false" class="product__pricing_area hide-on-small-screen" data-testid="large-screen-pricing"><section class="sc-5fbea9b3-0 lcJbEb product__pricing product__pricing" data-testid="product_price"><div class="price"><span class="price__value" data-testid="product-pricing" aria-label="Price $3.50">$3.50</span><span data-testid="badge-wrapper" type="savings" class="sc-54c91287-0 ixaypx badge is-small badge is-small"><section aria-label="" class="badge-label">Save $0.65</section></span><div class="sc-5fbea9b3-1 iTynCB"></div></div><div class="sc-79c0c972-0 jowmFP"><div class="price__calculation_method">$1.75 per 1ea<span class="price__was"> | Was $4.15</span></div></div></section></div><div data-testid="product-tile-cta-content"><div class="unavailable-container hide-on-small-screen"><div aria-hidden="false" class="similar-product-unavailable hide-on-small-screen" data-testid="large-screen-similar-product-unavailable"></div></div><div class="sc-94249bad-7 hRRJpr product__lists_cta_wrapper" data-testid="product-lists-cta-wrapper"><div class="sc-94249bad-5 jLgRPd"><div data-testid="add-to-cart" class="sc-fa03433-0 kJRZNZ product__add_to_cart product__add_to_cart"><button data-testid="add-to-cart-button" aria-label="Add Coles Margherita Pizza Rolls to the trolley" class="sc-745d6c85-0 kXjmbO product-tiles-btn coles-targeting-ButtonButton button "><span aria-hidden="false" class="sc-d1851dcf-0 ivDnVb coles-targeting-ButtonButtonChildContainer"><svg focusable="false" xmlns="http://www.w3.org/2000/svg" width="24" height="24" viewBox="0 0 24 24"><g fill="none" fill-rule="evenodd"><path stroke="currentColor" stroke-linecap="round" stroke-linejoin="round" stroke-width="2" vector-effect="non-scaling-stroke" d="M8,22 C8.55228475,22 9,21.5522847 9,21 C9,20.4477153 8.55228475,20 8,20 C7.44771525,20 7,20.4477153 7,21 C7,21.5522847 7.44771525,22 8,22 Z M18,22 C18.5522847,22 19,21.5522847 19,21 C19,20.4477153 18.5522847,20 18,20 C17.4477153,20 17,20.4477153 17,21 C17,21.5522847 17.4477153,22 18,22 Z M2,3 L4.5,3 L6.68,14.39 C6.86873697,15.3402315 7.71138394,16.0185624 8.68,16 L17.4,16 C18.3686161,16.0185624 19.211263,15.3402315 19.4,14.39 L21,7 M13,12 L13,6 M10,9 L16,9"></path></g></svg>Add</span></button></div></div></div></div></div></section><section data-testid="product-tile" class="sc-94249bad-8 joBIZU coles-targeting-ProductTileProductTileWrapper"><div class="sc-500ab215-0 gdBZRm coles-targeting-ProductTileHat product-hat is-special coles-targeting-ProductTileHat product-hat is-special" data-testid="product-hat">Special</div><div tabindex="0" class="sc-94249bad-11 iHToZU coles-targeting-ProductTileHeaderWrapper"><header class="product__header"><div class="product__image_area"><a tabindex="-1" class="product__link product__image" aria-label="Perfect Italiano Cheese Shaved Parmesan | 125g" href="/product/perfect-italiano-cheese-shaved-parmesan-125g-4405740"><span class="sc-51f151be-0 irGhqP"><img alt="" data-testid="product-image" srcSet="/_next/image?url=https%3A%2F%2Fproductimages.coles.com.au%2Fproductimages%2F4%2F4405740.jpg&amp;w=256&amp;q=90 1x, /_next/image?url=https%3A%2F%2Fproductimages.coles.com.au%2Fproductimages%2F4%2F4405740.jpg&amp;w=640&amp;q=90 2x" src="/_next/image?url=https%3A%2F%2Fproductimages.coles.com.au%2Fproductimages%2F4%2F4405740.jpg&amp;w=640&amp;q=90" width="200" height="200" decoding="async" data-nimg="1" loading="lazy" style="color:transparent;height:auto;max-width:100%;max-height:100%"/></span></a></div><div class="product__message-title_area" aria-hidden="true"><div class="sc-94249bad-21 khMxyt product__link product__link__analytics product__link product__link__analytics" tabindex="-1"><h2 class="LinesEllipsis  product__title">Perfect Italiano Cheese Shaved Parmesan | 125g<wbr/></h2></div><span data-testid="simple-fixed-price-specials" class="sc-f4be1fe7-0 hjCQAH product__badge product__badge"><span class="roundel-text simple-fixed-price-specials"><span></span>SPECIAL<span></span></span></span><div aria-hidden="true" class="product__pricing_area show-on-small-screen" data-testid="small-screen-pricing"><section class="sc-5fbea9b3-0 lcJbEb product__pricing product__pricing" data-testid="product_price"><div class="price"><span class="price__value" data-testid="product-pricing" aria-label="Price $3.50">$3.50</span><span data-testid="badge-wrapper" type="savings" class="sc-54c91287-0 ixaypx badge is-small badge is-small"><section aria-label="" class="badge-label">Save $1.00</section></span><div class="sc-5fbea9b3-1 iTynCB"></div></div><div class="sc-79c0c972-0 jowmFP"><div class="price__calculation_method">$28.00 per 1kg<span class="price__was"> | Was $4.50</span></div></div></section></div></div></header></div><div class="product__cta_section"><div aria-hidden="false" class="product__pricing_area hide-on-small-screen" data-testid="large-screen-pricing"><section class="sc-5fbea9b3-0 lcJbEb product__pricing product__pricing" data-testid="product_price"><div class="price"><span class="price__value" data-testid="product-pricing" aria-label="Price $3.50">$3.50</span><span data-testid="badge-wrapper" type="savings" class="sc-54c91287-0 ixaypx badge is-small badge is-small"><section aria-label="" class="badge-label">Save $1.00</section></span><div class="sc-5fbea9b3-1 iTynCB"></div></div><div class="sc-79c0c972-0 jowmFP"><div class="price__calculation_method">$28.00 per 1kg<span class="price__was"> | Was $4.50</span></div></div></section></div><div data-testid="product-tile-cta-content"><div class="unavailable-container hide-on-small-screen"><div aria-hidden="false" class="similar-product-unavailable hide-on-small-screen" data-testid="large-screen-similar-product-unavailable"></div></div><div class="sc-94249bad-7 hRRJpr product__lists_cta_wrapper" data-testid="product-lists-cta-wrapper"><div class="sc-94249bad-5 jLgRPd"><div data-testid="add-to-cart" class="sc-fa03433-0 kJRZNZ product__add_to_cart product__add_to_cart"><button data-testid="add-to-cart-button" aria-label="Add Perfect Italiano Cheese Shaved Parmesan to the trolley" class="sc-745d6c85-0 kXjmbO product-tiles-btn coles-targeting-ButtonButton button "><span aria-hidden="false" class="sc-d1851dcf-0 ivDnVb coles-targeting-ButtonButtonChildContainer"><svg focusable="false" xmlns="http://www.w3.org/2000/svg" width="24" height="24" viewBox="0 0 24 24"><g fill="none" fill-rule="evenodd"><path stroke="currentColor" stroke-linecap="round" stroke-linejoin="round" stroke-width="2" vector-effect="non-scaling-stroke" d="M8,22 C8.55228475,22 9,21.5522847 9,21 C9,20.4477153 8.55228475,20 8,20 C7.44771525,20 7,20.4477153 7,21 C7,21.5522847 7.44771525,22 8,22 Z M18,22 C18.5522847,22 19,21.5522847 19,21 C19,20.4477153 18.5522847,20 18,20 C17.4477153,20 17,20.4477153 17,21 C17,21.5522847 17.4477153,22 18,22 Z M2,3 L4.5,3 L6.68,14.39 C6.86873697,15.3402315 7.71138394,16.0185624 8.68,16 L17.4,16 C18.3686161,16.0185624 19.211263,15.3402315 19.4,14.39 L21,7 M13,12 L13,6 M10,9 L16,9"></path></g></svg>Add</span></button></div></div></div></div></div></section><section data-testid="product-tile" class="sc-94249bad-8 joBIZU coles-targeting-ProductTileProductTileWrapper"><div class="sc-500ab215-0 gdBZRm coles-targeting-ProductTileHat product-hat coles-targeting-ProductTileHat product-hat" data-testid="product-hat"></div><div tabindex="0" class="sc-94249bad-11 iHToZU coles-targeting-ProductTileHeaderWrapper"><header class="product__header"><div class="product__image_area"><a tabindex="-1" class="product__link product__image" aria-label="Coles Swiss Style Cheese Slices | 200g" href="/product/coles-swiss-style-cheese-slices-200g-1462544"><span class="sc-51f151be-0 irGhqP"><img alt="" data-testid="product-image" srcSet="/_next/image?url=https%3A%2F%2Fproductimages.coles.com.au%2Fproductimages%2F1%2F1462544.jpg&amp;w=256&amp;q=90 1x, /_next/image?url=https%3A%2F%2Fproductimages.coles.com.au%2Fproductimages%2F1%2F1462544.jpg&amp;w=640&amp;q=90 2x" src="/_next/image?url=https%3A%2F%2Fproductimages.coles.com.au%2Fproductimages%2F1%2F1462544.jpg&amp;w=640&amp;q=90" width="200" height="200" decoding="async" data-nimg="1" loading="lazy" style="color:transparent;height:auto;max-width:100%;max-height:100%"/></span></a></div><div class="product__message-title_area" aria-hidden="true"><div class="sc-94249bad-21 khMxyt product__link product__link__analytics product__link product__link__analytics" tabindex="-1"><h2 class="LinesEllipsis  product__title">Coles Swiss Style Cheese Slices | 200g<wbr/></h2></div><div aria-hidden="true" class="product__pricing_area show-on-small-screen" data-testid="small-screen-pricing"><section class="sc-5fbea9b3-0 lcJbEb product__pricing product__pricing" data-testid="product_price"><div class="price"><span class="price__value" data-testid="product-pricing" aria-label="Price $4.90">$4.90</span><div class="sc-5fbea9b3-1 iTynCB"></div></div><div class="sc-79c0c972-0 jowmFP"><div class="price__calculation_method">$24.50 per 1kg</div></div></section></div></div></header></div><div class="product__cta_section"><div aria-hidden="false" class="product__pricing_area hide-on-small-screen" data-testid="large-screen-pricing"><section class="sc-5fbea9b3-0 lcJbEb product__pricing product__pricing" data-testid="product_price"><div class="price"><span class="price__value" data-testid="product-pricing" aria-label="Price $4.90">$4.90</span><div class="sc-5fbea9b3-1 iTynCB"></div></div><div class="sc-79c0c972-0 jowmFP"><div class="price__calculation_method">$24.50 per 1kg</div></div></section></div><div data-testid="product-tile-cta-content"><div class="unavailable-container hide-on-small-screen"><div aria-hidden="false" class="similar-product-unavailable hide-on-small-screen" data-testid="large-screen-similar-product-unavailable"></div></div><div class="sc-94249bad-7 hRRJpr product__lists_cta_wrapper" data-testid="product-lists-cta-wrapper"><div class="sc-94249bad-5 jLgRPd"><div data-testid="add-to-cart" class="sc-fa03433-0 kJRZNZ product__add_to_cart product__add_to_cart"><button data-testid="add-to-cart-button" aria-label="Add Coles Swiss Style Cheese Slices to the trolley" class="sc-745d6c85-0 kXjmbO product-tiles-btn coles-targeting-ButtonButton button "><span aria-hidden="false" class="sc-d1851dcf-0 ivDnVb coles-targeting-ButtonButtonChildContainer"><svg focusable="false" xmlns="http://www.w3.org/2000/svg" width="24" height="24" viewBox="0 0 24 24"><g fill="none" fill-rule="evenodd"><path stroke="currentColor" stroke-linecap="round" stroke-linejoin="round" stroke-width="2" vector-effect="non-scaling-stroke" d="M8,22 C8.55228475,22 9,21.5522847 9,21 C9,20.4477153 8.55228475,20 8,20 C7.44771525,20 7,20.4477153 7,21 C7,21.5522847 7.44771525,22 8,22 Z M18,22 C18.5522847,22 19,21.5522847 19,21 C19,20.4477153 18.5522847,20 18,20 C17.4477153,20 17,20.4477153 17,21 C17,21.5522847 17.4477153,22 18,22 Z M2,3 L4.5,3 L6.68,14.39 C6.86873697,15.3402315 7.71138394,16.0185624 8.68,16 L17.4,16 C18.3686161,16.0185624 19.211263,15.3402315 19.4,14.39 L21,7 M13,12 L13,6 M10,9 L16,9"></path></g></svg>Add</span></button></div></div></div></div></div></section><section data-testid="product-tile" class="sc-94249bad-8 joBIZU coles-targeting-ProductTileProductTileWrapper"><div class="sc-500ab215-0 gdBZRm coles-targeting-ProductTileHat product-hat coles-targeting-ProductTileHat product-hat" data-testid="product-hat"></div><div tabindex="0" class="sc-94249bad-11 iHToZU coles-targeting-ProductTileHeaderWrapper"><header class="product__header"><div class="product__image_area"><a tabindex="-1" class="product__link product__image" aria-label="Danone Yopro Vanilla Yoghurt | 700g" href="/product/danone-yopro-vanilla-yoghurt-700g-3246914"><span class="sc-51f151be-0 irGhqP"><img alt="" data-testid="product-image" srcSet="/_next/image?url=https%3A%2F%2Fproductimages.coles.com.au%2Fproductimages%2F3%2F3246914.jpg&amp;w=256&amp;q=90 1x, /_next/image?url=https%3A%2F%2Fproductimages.coles.com.au%2Fproductimages%2F3%2F3246914.jpg&amp;w=640&amp;q=90 2x" src="/_next/image?url=https%3A%2F%2Fproductimages.coles.com.au%2Fproductimages%2F3%2F3246914.jpg&amp;w=640&amp;q=90" width="200" height="200" decoding="async" data-nimg="1" loading="lazy" style="color:transparent;height:auto;max-width:100%;max-height:100%"/></span></a></div><div class="product__message-title_area" aria-hidden="true"><div class="sc-94249bad-21 khMxyt product__link product__link__analytics product__link product__link__analytics" tabindex="-1"><h2 class="LinesEllipsis  product__title">Danone Yopro Vanilla Yoghurt | 700g<wbr/></h2></div><span data-testid="every-day" class="sc-f4be1fe7-0 gXctFU product__badge product__badge"><span class="roundel-text every-day">EVERY DAY</span></span><div aria-hidden="true" class="product__pricing_area show-on-small-screen" data-testid="small-screen-pricing"><section class="sc-5fbea9b3-0 lcJbEb product__pricing product__pricing" data-testid="product_price"><div class="price"><span class="price__value" data-testid="product-pricing" aria-label="Price $7.50">$7.50</span><div class="sc-5fbea9b3-1 iTynCB"></div></div><div class="sc-79c0c972-0 jowmFP"><div class="price__calculation_method">$1.07 per 100g</div></div></section></div></div></header></div><div class="product__cta_section"><div aria-hidden="false" class="product__pricing_area hide-on-small-screen" data-testid="large-screen-pricing"><section class="sc-5fbea9b3-0 lcJbEb product__pricing product__pricing" data-testid="product_price"><div class="price"><span class="price__value" data-testid="product-pricing" aria-label="Price $7.50">$7.50</span><div class="sc-5fbea9b3-1 iTynCB"></div></div><div class="sc-79c0c972-0 jowmFP"><div class="price__calculation_method">$1.07 per 100g</div></div></section></div><div data-testid="product-tile-cta-content"><div class="unavailable-container hide-on-small-screen"><div aria-hidden="false" class="similar-product-unavailable hide-on-small-screen" data-testid="large-screen-similar-product-unavailable"></div></div><div class="sc-94249bad-7 hRRJpr product__lists_cta_wrapper" data-testid="product-lists-cta-wrapper"><div class="sc-94249bad-5 jLgRPd"><div data-testid="add-to-cart" class="sc-fa03433-0 kJRZNZ product__add_to_cart product__add_to_cart"><button data-testid="add-to-cart-button" aria-label="Add Danone Yopro Vanilla Yoghurt to the trolley" class="sc-745d6c85-0 kXjmbO product-tiles-btn coles-targeting-ButtonButton button "><span aria-hidden="false" class="sc-d1851dcf-0 ivDnVb coles-targeting-ButtonButtonChildContainer"><svg focusable="false" xmlns="http://www.w3.org/2000/svg" width="24" height="24" viewBox="0 0 24 24"><g fill="none" fill-rule="evenodd"><path stroke="currentColor" stroke-linecap="round" stroke-linejoin="round" stroke-width="2" vector-effect="non-scaling-stroke" d="M8,22 C8.55228475,22 9,21.5522847 9,21 C9,20.4477153 8.55228475,20 8,20 C7.44771525,20 7,20.4477153 7,21 C7,21.5522847 7.44771525,22 8,22 Z M18,22 C18.5522847,22 19,21.5522847 19,21 C19,20.4477153 18.5522847,20 18,20 C17.4477153,20 17,20.4477153 17,21 C17,21.5522847 17.4477153,22 18,22 Z M2,3 L4.5,3 L6.68,14.39 C6.86873697,15.3402315 7.71138394,16.0185624 8.68,16 L17.4,16 C18.3686161,16.0185624 19.211263,15.3402315 19.4,14.39 L21,7 M13,12 L13,6 M10,9 L16,9"></path></g></svg>Add</span></button></div></div></div></div></div></section><section data-testid="product-tile" class="sc-94249bad-8 joBIZU coles-targeting-ProductTileProductTileWrapper"><div class="sc-500ab215-0 gdBZRm coles-targeting-ProductTileHat product-hat coles-targeting-ProductTileHat product-hat" data-testid="product-hat"></div><div tabindex="0" class="sc-94249bad-11 iHToZU coles-targeting-ProductTileHeaderWrapper"><header class="product__header"><div class="product__image_area"><a tabindex="-1" class="product__link product__image" aria-label="Bega Dairy Stringers Original Cheese 12 Pack | 240g" href="/product/bega-dairy-stringers-original-cheese-12-pack-240g-6081118"><span class="sc-51f151be-0 irGhqP"><img alt="" data-testid="product-image" srcSet="/_next/image?url=https%3A%2F%2Fproductimages.coles.com.au%2Fproductimages%2F6%2F6081118.jpg&amp;w=256&amp;q=90 1x, /_next/image?url=https%3A%2F%2Fproductimages.coles.com.au%2Fproductimages%2F6%2F6081118.jpg&amp;w=640&amp;q=90 2x" src="/_next/image?url=https%3A%2F%2Fproductimages.coles.com.au%2Fproductimages%2F6%2F6081118.jpg&amp;w=640&amp;q=90" width="200" height="200" decoding="async" data-nimg="1" loading="lazy" style="color:transparent;height:auto;max-width:100%;max-height:100%"/></span></a></div><div class="product__message-title_area" aria-hidden="true"><div class="sc-94249bad-21 khMxyt product__link product__link__analytics product__link product__link__analytics" tabindex="-1"><h2 class="LinesEllipsis  product__title">Bega Dairy Stringers Original Cheese 12 Pack | 240g<wbr/></h2></div><div aria-hidden="true" class="product__pricing_area show-on-small-screen" data-testid="small-screen-pricing"><section class="sc-5fbea9b3-0 lcJbEb product__pricing product__pricing" data-testid="product_price"><div class="price"><span class="price__value" data-testid="product-pricing" aria-label="Price $9.20">$9.20</span><div class="sc-5fbea9b3-1 iTynCB"></div></div><div class="sc-79c0c972-0 jowmFP"><div class="price__calculation_method">$38.33 per 1kg</div></div></section></div></div></header></div><div class="product__cta_section"><div aria-hidden="false" class="product__pricing_area hide-on-small-screen" data-testid="large-screen-pricing"><section class="sc-5fbea9b3-0 lcJbEb product__pricing product__pricing" data-testid="product_price"><div class="price"><span class="price__value" data-testid="product-pricing" aria-label="Price $9.20">$9.20</span><div class="sc-5fbea9b3-1 iTynCB"></div></div><div class="sc-79c0c972-0 jowmFP"><div class="price__calculation_method">$38.33 per 1kg</div></div></section></div><div data-testid="product-tile-cta-content"><div class="unavailable-container hide-on-small-screen"><div aria-hidden="false" class="similar-product-unavailable hide-on-small-screen" data-testid="large-screen-similar-product-unavailable"></div></div><div class="sc-94249bad-7 hRRJpr product__lists_cta_wrapper" data-testid="product-lists-cta-wrapper"><div class="sc-94249bad-5 jLgRPd"><div data-testid="add-to-cart" class="sc-fa03433-0 kJRZNZ product__add_to_cart product__add_to_cart"><button data-testid="add-to-cart-button" aria-label="Add Bega Dairy Stringers Original Cheese 12 Pack to the trolley" class="sc-745d6c85-0 kXjmbO product-tiles-btn coles-targeting-ButtonButton button "><span aria-hidden="false" class="sc-d1851dcf-0 ivDnVb coles-targeting-ButtonButtonChildContainer"><svg focusable="false" xmlns="http://www.w3.org/2000/svg" width="24" height="24" viewBox="0 0 24 24"><g fill="none" fill-rule="evenodd"><path stroke="currentColor" stroke-linecap="round" stroke-linejoin="round" stroke-width="2" vector-effect="non-scaling-stroke" d="M8,22 C8.55228475,22 9,21.5522847 9,21 C9,20.4477153 8.55228475,20 8,20 C7.44771525,20 7,20.4477153 7,21 C7,21.5522847 7.44771525,22 8,22 Z M18,22 C18.5522847,22 19,21.5522847 19,21 C19,20.4477153 18.5522847,20 18,20 C17.4477153,20 17,20.4477153 17,21 C17,21.5522847 17.4477153,22 18,22 Z M2,3 L4.5,3 L6.68,14.39 C6.86873697,15.3402315 7.71138394,16.0185624 8.68,16 L17.4,16 C18.3686161,16.0185624 19.211263,15.3402315 19.4,14.39 L21,7 M13,12 L13,6 M10,9 L16,9"></path></g></svg>Add</span></button></div></div></div></div></div></section><section data-testid="product-tile" class="sc-94249bad-8 joBIZU coles-targeting-ProductTileProductTileWrapper"><div class="sc-500ab215-0 gdBZRm coles-targeting-ProductTileHat product-hat coles-targeting-ProductTileHat product-hat" data-testid="product-hat"></div><div tabindex="0" class="sc-94249bad-11 iHToZU coles-targeting-ProductTileHeaderWrapper"><header class="product__header"><div class="product__image_area"><a tabindex="-1" class="product__link product__image" aria-label="Dairy Farmers Thick &amp; Creamy Strawberry Yoghurt | 150g" href="/product/dairy-farmers-thick-and-creamy-strawberry-yoghurt-150g-1198468"><span class="sc-51f151be-0 irGhqP"><img alt="" data-testid="product-image" srcSet="/_next/image?url=https%3A%2F%2Fproductimages.coles.com.au%2Fproductimages%2F1%2F1198468.jpg&amp;w=256&amp;q=90 1x, /_next/image?url=https%3A%2F%2Fproductimages.coles.com.au%2Fproductimages%2F1%2F1198468.jpg&amp;w=640&amp;q=90 2x" src="/_next/image?url=https%3A%2F%2Fproductimages.coles.com.au%2Fproductimages%2F1%2F1198468.jpg&amp;w=640&amp;q=90" width="200" height="200" decoding="async" data-nimg="1" loading="lazy" style="color:transparent;height:auto;max-width:100%;max-height:100%"/></span></a></div><div class="product__message-title_area" aria-hidden="true"><div class="sc-94249bad-21 khMxyt product__link product__link__analytics product__link product__link__analytics" tabindex="-1"><h2 class="LinesEllipsis  product__title">Dairy Farmers Thick &amp; Creamy Strawberry Yoghurt | 150g<wbr/></h2></div><span data-testid="down-down" class="sc-f4be1fe7-0 gXctFU product__badge product__badge"><span class="roundel-text down-down">DOWN DOWN</span></span><div aria-hidden="true" class="product__pricing_area show-on-small-screen" data-testid="small-screen-pricing"><section class="sc-5fbea9b3-0 lcJbEb product__pricing product__pricing" data-testid="product_price"><div class="price"><span class="price__value" data-testid="product-pricing" aria-label="Price $1.70">$1.70</span><div class="sc-5fbea9b3-1 iTynCB"></div></div><div class="sc-79c0c972-0 jowmFP"><div class="price__calculation_method">$1.13 per 100g<div class="price__was"><strong>Was $2.60 on Oct 2024</strong></div></div></div></section></div></div></header></div><div class="product__cta_section"><div aria-hidden="false" class="product__pricing_area hide-on-small-screen" data-testid="large-screen-pricing"><section class="sc-5fbea9b3-0 lcJbEb product__pricing product__pricing" data-testid="product_price"><div class="price"><span class="price__value" data-testid="product-pricing" aria-label="Price $1.70">$1.70</span><div class="sc-5fbea9b3-1 iTynCB"></div></div><div class="sc-79c0c972-0 jowmFP"><div class="price__calculation_method">$1.13 per 100g<div class="price__was"><strong>Was $2.60 on Oct 2024</strong></div></div></div></section></div><div data-testid="product-tile-cta-content"><div class="unavailable-container hide-on-small-screen"><div aria-hidden="false" class="similar-product-unavailable hide-on-small-screen" data-testid="large-screen-similar-product-unavailable"></div></div><div class="sc-94249bad-7 hRRJpr product__lists_cta_wrapper" data-testid="product-lists-cta-wrapper"><div class="sc-94249bad-5 jLgRPd"><div data-testid="add-to-cart" class="sc-fa03433-0 kJRZNZ product__add_to_cart product__add_to_cart"><button data-testid="add-to-cart-button" aria-label="Add Dairy Farmers Thick &amp; Creamy Strawberry Yoghurt to the trolley" class="sc-745d6c85-0 kXjmbO product-tiles-btn coles-targeting-ButtonButton button "><span aria-hidden="false" class="sc-d1851dcf-0 ivDnVb coles-targeting-ButtonButtonChildContainer"><svg focusable="false" xmlns="http://www.w3.org/2000/svg" width="24" height="24" viewBox="0 0 24 24"><g fill="none" fill-rule="evenodd"><path stroke="currentColor" stroke-linecap="round" stroke-linejoin="round" stroke-width="2" vector-effect="non-scaling-stroke" d="M8,22 C8.55228475,22 9,21.5522847 9,21 C9,20.4477153 8.55228475,20 8,20 C7.44771525,20 7,20.4477153 7,21 C7,21.5522847 7.44771525,22 8,22 Z M18,22 C18.5522847,22 19,21.5522847 19,21 C19,20.4477153 18.5522847,20 18,20 C17.4477153,20 17,20.4477153 17,21 C17,21.5522847 17.4477153,22 18,22 Z M2,3 L4.5,3 L6.68,14.39 C6.86873697,15.3402315 7.71138394,16.0185624 8.68,16 L17.4,16 C18.3686161,16.0185624 19.211263,15.3402315 19.4,14.39 L21,7 M13,12 L13,6 M10,9 L16,9"></path></g></svg>Add</span></button></div></div></div></div></div></section><section data-testid="product-tile" class="sc-94249bad-8 joBIZU coles-targeting-ProductTileProductTileWrapper"><div class="sc-500ab215-0 gdBZRm coles-targeting-ProductTileHat product-hat coles-targeting-ProductTileHat product-hat" data-testid="product-hat"></div><div tabindex="0" class="sc-94249bad-11 iHToZU coles-targeting-ProductTileHeaderWrapper"><header class="product__header"><div class="product__image_area"><a tabindex="-1" class="product__link product__image" aria-label="Danone Yopro Perform Yoghurt Peach | 175g" href="/product/danone-yopro-perform-yoghurt-peach-175g-4935019"><span class="sc-51f151be-0 irGhqP"><img alt="" data-testid="product-image" srcSet="/_next/image?url=https%3A%2F%2Fproductimages.coles.com.au%2Fproductimages%2F4%2F4935019.jpg&amp;w=256&amp;q=90 1x, /_next/image?url=https%3A%2F%2Fproductimages.coles.com.au%2Fproductimages%2F4%2F4935019.jpg&amp;w=640&amp;q=90 2x" src="/_next/image?url=https%3A%2F%2Fproductimages.coles.com.au%2Fproductimages%2F4%2F4935019.jpg&amp;w=640&amp;q=90" width="200" height="200" decoding="async" data-nimg="1" loading="lazy" style="color:transparent;height:auto;max-width:100%;max-height:100%"/></span></a></div><div class="product__message-title_area" aria-hidden="true"><div class="sc-94249bad-21 khMxyt product__link product__link__analytics product__link product__link__analytics" tabindex="-1"><h2 class="LinesEllipsis  product__title">Danone Yopro Perform Yoghurt Peach | 175g<wbr/></h2></div><div aria-hidden="true" class="product__pricing_area show-on-small-screen" data-testid="small-screen-pricing"><section class="sc-5fbea9b3-0 lcJbEb product__pricing product__pricing" data-testid="product_price"><div class="price"><span class="price__value" data-testid="product-pricing" aria-label="Price $3.70">$3.70</span><div class="sc-5fbea9b3-1 iTynCB"></div></div><div class="sc-79c0c972-0 jowmFP"><div class="price__calculation_method">$2.11 per 100g</div></div></section></div></div></header></div><div class="product__cta_section"><div aria-hidden="false" class="product__pricing_area hide-on-small-screen" data-testid="large-screen-pricing"><section class="sc-5fbea9b3-0 lcJbEb product__pricing product__pricing" data-testid="product_price"><div class="price"><span class="price__value" data-testid="product-pricing" aria-label="Price $3.70">$3.70</span><div class="sc-5fbea9b3-1 iTynCB"></div></div><div class="sc-79c0c972-0 jowmFP"><div class="price__calculation_method">$2.11 per 100g</div></div></section></div><div data-testid="product-tile-cta-content"><div class="unavailable-container hide-on-small-screen"><div aria-hidden="false" class="similar-product-unavailable hide-on-small-screen" data-testid="large-screen-similar-product-unavailable"></div></div><div class="sc-94249bad-7 hRRJpr product__lists_cta_wrapper" data-testid="product-lists-cta-wrapper"><div class="sc-94249bad-5 jLgRPd"><div data-testid="add-to-cart" class="sc-fa03433-0 kJRZNZ product__add_to_cart product__add_to_cart"><button data-testid="add-to-cart-button" aria-label="Add Danone Yopro Perform Yoghurt Peach to the trolley" class="sc-745d6c85-0 kXjmbO product-tiles-btn coles-targeting-ButtonButton button "><span aria-hidden="false" class="sc-d1851dcf-0 ivDnVb coles-targeting-ButtonButtonChildContainer"><svg focusable="false" xmlns="http://www.w3.org/2000/svg" width="24" height="24" viewBox="0 0 24 24"><g fill="none" fill-rule="evenodd"><path stroke="currentColor" stroke-linecap="round" stroke-linejoin="round" stroke-width="2" vector-effect="non-scaling-stroke" d="M8,22 C8.55228475,22 9,21.5522847 9,21 C9,20.4477153 8.55228475,20 8,20 C7.44771525,20 7,20.4477153 7,21 C7,21.5522847 7.44771525,22 8,22 Z M18,22 C18.5522847,22 19,21.5522847 19,21 C19,20.4477153 18.5522847,20 18,20 C17.4477153,20 17,20.4477153 17,21 C17,21.5522847 17.4477153,22 18,22 Z M2,3 L4.5,3 L6.68,14.39 C6.86873697,15.3402315 7.71138394,16.0185624 8.68,16 L17.4,16 C18.3686161,16.0185624 19.211263,15.3402315 19.4,14.39 L21,7 M13,12 L13,6 M10,9 L16,9"></path></g></svg>Add</span></button></div></div></div></div></div></section><section data-testid="product-tile" class="sc-94249bad-8 joBIZU coles-targeting-ProductTileProductTileWrapper"><div class="sc-500ab215-0 gdBZRm coles-targeting-ProductTileHat product-hat coles-targeting-ProductTileHat product-hat" data-testid="product-hat"></div><div tabindex="0" class="sc-94249bad-11 iHToZU coles-targeting-ProductTileHeaderWrapper"><header class="product__header"><div class="product__image_area"><a tabindex="-1" class="product__link product__image" aria-label="Coles Nature&#x27;s Kitchen Firm Tofu | 300g" href="/product/coles-nature&#x27;s-kitchen-firm-tofu-300g-2752255"><span class="sc-51f151be-0 irGhqP"><img alt="" data-testid="product-image" srcSet="/_next/image?url=https%3A%2F%2Fproductimages.coles.com.au%2Fproductimages%2F2%2F2752255.jpg&amp;w=256&amp;q=90 1x, /_next/image?url=https%3A%2F%2Fproductimages.coles.com.au%2Fproductimages%2F2%2F2752255.jpg&amp;w=640&amp;q=90 2x" src="/_next/image?url=https%3A%2F%2Fproductimages.coles.com.au%2Fproductimages%2F2%2F2752255.jpg&amp;w=640&amp;q=90" width="200" height="200" decoding="async" data-nimg="1" loading="lazy" style="color:transparent;height:auto;max-width:100%;max-height:100%"/></span></a></div><div class="product__message-title_area" aria-hidden="true"><div class="sc-94249bad-21 khMxyt product__link product__link__analytics product__link product__link__analytics" tabindex="-1"><h2 class="LinesEllipsis  product__title">Coles Nature&#x27;s Kitchen Firm Tofu | 300g<wbr/></h2></div><span data-testid="every-day" class="sc-f4be1fe7-0 gXctFU product__badge product__badge"><span class="roundel-text every-day">EVERY DAY</span></span><div aria-hidden="true" class="product__pricing_area show-on-small-screen" data-testid="small-screen-pricing"><section class="sc-5fbea9b3-0 lcJbEb product__pricing product__pricing" data-testid="product_price"><div class="price"><span class="price__value" data-testid="product-pricing" aria-label="Price $2.30">$2.30</span><div class="sc-5fbea9b3-1 iTynCB"></div></div><div class="sc-79c0c972-0 jowmFP"><div class="price__calculation_method">$0.77 per 100g</div></div></section></div></div></header></div><div class="product__cta_section"><div aria-hidden="false" class="product__pricing_area hide-on-small-screen" data-testid="large-screen-pricing"><section class="sc-5fbea9b3-0 lcJbEb product__pricing product__pricing" data-testid="product_price"><div class="price"><span class="price__value" data-testid="product-pricing" aria-label="Price $2.30">$2.30</span><div class="sc-5fbea9b3-1 iTynCB"></div></div><div class="sc-79c0c972-0 jowmFP"><div class="price__calculation_method">$0.77 per 100g</div></div></section></div><div data-testid="product-tile-cta-content"><div class="unavailable-container hide-on-small-screen"><div aria-hidden="false" class="similar-product-unavailable hide-on-small-screen" data-testid="large-screen-similar-product-unavailable"></div></div><div class="sc-94249bad-7 hRRJpr product__lists_cta_wrapper" data-testid="product-lists-cta-wrapper"><div class="sc-94249bad-5 jLgRPd"><div data-testid="add-to-cart" class="sc-fa03433-0 kJRZNZ product__add_to_cart product__add_to_cart"><button data-testid="add-to-cart-button" aria-label="Add Coles Nature&#x27;s Kitchen Firm Tofu to the trolley" class="sc-745d6c85-0 kXjmbO product-tiles-btn coles-targeting-ButtonButton button "><span aria-hidden="false" class="sc-d1851dcf-0 ivDnVb coles-targeting-ButtonButtonChildContainer"><svg focusable="false" xmlns="http://www.w3.org/2000/svg" width="24" height="24" viewBox="0 0 24 24"><g fill="none" fill-rule="evenodd"><path stroke="currentColor" stroke-linecap="round" stroke-linejoin="round" stroke-width="2" vector-effect="non-scaling-stroke" d="M8,22 C8.55228475,22 9,21.5522847 9,21 C9,20.4477153 8.55228475,20 8,20 C7.44771525,20 7,20.4477153 7,21 C7,21.5522847 7.44771525,22 8,22 Z M18,22 C18.5522847,22 19,21.5522847 19,21 C19,20.4477153 18.5522847,20 18,20 C17.4477153,20 17,20.4477153 17,21 C17,21.5522847 17.4477153,22 18,22 Z M2,3 L4.5,3 L6.68,14.39 C6.86873697,15.3402315 7.71138394,16.0185624 8.68,16 L17.4,16 C18.3686161,16.0185624 19.211263,15.3402315 19.4,14.39 L21,7 M13,12 L13,6 M10,9 L16,9"></path></g></svg>Add</span></button></div></div></div></div></div></section><section data-testid="product-tile" class="sc-94249bad-8 joBIZU coles-targeting-ProductTileProductTileWrapper"><div class="sc-500ab215-0 gdBZRm coles-targeting-ProductTileHat product-hat coles-targeting-ProductTileHat product-hat" data-testid="product-hat"></div><div tabindex="0" class="sc-94249bad-11 iHToZU coles-targeting-ProductTileHeaderWrapper"><header class="product__header"><div class="product__image_area"><a tabindex="-1" class="product__link product__image" aria-label="Vitasoy Soy Milky Lite Chilled | 1L" href="/product/vitasoy-soy-milky-lite-chilled-1l-4514510"><span class="sc-51f151be-0 irGhqP"><img alt="" data-testid="product-image" srcSet="/_next/image?url=https%3A%2F%2Fproductimages.coles.com.au%2Fproductimages%2F4%2F4514510.jpg&amp;w=256&amp;q=90 1x, /_next/image?url=https%3A%2F%2Fproductimages.coles.com.au%2Fproductimages%2F4%2F4514510.jpg&amp;w=640&amp;q=90 2x" src="/_next/image?url=https%3A%2F%2Fproductimages.coles.com.au%2Fproductimages%2F4%2F4514510.jpg&amp;w=640&amp;q=90" width="200" height="200" decoding="async" data-nimg="1" loading="lazy" style="color:transparent;height:auto;max-width:100%;max-height:100%"/></span></a></div><div class="product__message-title_area" aria-hidden="true"><div class="sc-94249bad-21 khMxyt product__link product__link__analytics product__link product__link__analytics" tabindex="-1"><h2 class="LinesEllipsis  product__title">Vitasoy Soy Milky Lite Chilled | 1L<wbr/></h2></div><div aria-hidden="true" class="product__pricing_area show-on-small-screen" data-testid="small-screen-pricing"><section class="sc-5fbea9b3-0 lcJbEb product__pricing product__pricing" data-testid="product_price"><div class="price"><span class="price__value" data-testid="product-pricing" aria-label="Price $2.85">$2.85</span><div class="sc-5fbea9b3-1 iTynCB"></div></div><div class="sc-79c0c972-0 jowmFP"><div class="price__calculation_method">$2.85 per 1L</div></div></section></div></div></header></div><div class="product__cta_section"><div aria-hidden="false" class="product__pricing_area hide-on-small-screen" data-testid="large-screen-pricing"><section class="sc-5fbea9b3-0 lcJbEb product__pricing product__pricing" data-testid="product_price"><div class="price"><span class="price__value" data-testid="product-pricing" aria-label="Price $2.85">$2.85</span><div class="sc-5fbea9b3-1 iTynCB"></div></div><div class="sc-79c0c972-0 jowmFP"><div class="price__calculation_method">$2.85 per 1L</div></div></section></div><div data-testid="product-tile-cta-content"><div class="unavailable-container hide-on-small-screen"><div aria-hidden="false" class="similar-product-unavailable hide-on-small-screen" data-testid="large-screen-similar-product-unavailable"></div></div><div class="sc-94249bad-7 hRRJpr product__lists_cta_wrapper" data-testid="product-lists-cta-wrapper"><div class="sc-94249bad-5 jLgRPd"><div data-testid="add-to-cart" class="sc-fa03433-0 kJRZNZ product__add_to_cart product__add_to_cart"><button data-testid="add-to-cart-button" aria-label="Add Vitasoy Soy Milky Lite Chilled to the trolley" class="sc-745d6c85-0 kXjmbO product-tiles-btn coles-targeting-ButtonButton button "><span aria-hidden="false" class="sc-d1851dcf-0 ivDnVb coles-targeting-ButtonButtonChildContainer"><svg focusable="false" xmlns="http://www.w3.org/2000/svg" width="24" height="24" viewBox="0 0 24 24"><g fill="none" fill-rule="evenodd"><path stroke="currentColor" stroke-linecap="round" stroke-linejoin="round" stroke-width="2" vector-effect="non-scaling-stroke" d="M8,22 C8.55228475,22 9,21.5522847 9,21 C9,20.4477153 8.55228475,20 8,20 C7.44771525,20 7,20.4477153 7,21 C7,21.5522847 7.44771525,22 8,22 Z M18,22 C18.5522847,22 19,21.5522847 19,21 C19,20.4477153 18.5522847,20 18,20 C17.4477153,20 17,20.4477153 17,21 C17,21.5522847 17.4477153,22 18,22 Z M2,3 L4.5,3 L6.68,14.39 C6.86873697,15.3402315 7.71138394,16.0185624 8.68,16 L17.4,16 C18.3686161,16.0185624 19.211263,15.3402315 19.4,14.39 L21,7 M13,12 L13,6 M10,9 L16,9"></path></g></svg>Add</span></button></div></div></div></div></div></section><section data-testid="product-tile" class="sc-94249bad-8 jjqve coles-targeting-ProductTileProductTileWrapper"><div class="sc-500ab215-0 gdBZRm coles-targeting-ProductTileHat product-hat coles-targeting-ProductTileHat product-hat" data-testid="product-hat"></div><div tabindex="0" class="sc-94249bad-11 iHToZU coles-targeting-ProductTileHeaderWrapper"><header class="product__header"><div class="product__image_area"><a tabindex="-1" class="product__link product__image" aria-label="Coles Dairy Cheese Fetta Aust Style | 200g" href="/product/coles-dairy-cheese-fetta-aust-style-200g-9808755"><span class="sc-51f151be-0 irGhqP"><img alt="" data-testid="product-image" srcSet="/_next/image?url=https%3A%2F%2Fproductimages.coles.com.au%2Fproductimages%2F9%2F9808755.jpg&amp;w=256&amp;q=90 1x, /_next/image?url=https%3A%2F%2Fproductimages.coles.com.au%2Fproductimages%2F9%2F9808755.jpg&amp;w=640&amp;q=90 2x" src="/_next/image?url=https%3A%2F%2Fproductimages.coles.com.au%2Fproductimages%2F9%2F9808755.jpg&amp;w=640&amp;q=90" width="200" height="200" decoding="async" data-nimg="1" loading="lazy" style="color:transparent;height:auto;max-width:100%;max-height:100%"/></span></a></div><div class="product__message-title_area" aria-hidden="true"><div class="sc-94249bad-21 khMxyt product__link product__link__analytics product__link product__link__analytics" tabindex="-1"><h2 class="LinesEllipsis  product__title">Coles Dairy Cheese Fetta Aust Style | 200g<wbr/></h2></div><span data-testid="every-day" class="sc-f4be1fe7-0 gXctFU product__badge product__badge"><span class="roundel-text every-day">EVERY DAY</span></span><div aria-hidden="true" class="product__pricing_area show-on-small-screen" data-testid="small-screen-pricing"><section class="sc-5fbea9b3-0 lcJbEb product__pricing product__pricing" data-testid="product_price"><div class="price"><span class="price__value" data-testid="product-pricing" aria-label="Price $3.50">$3.50</span><div class="sc-5fbea9b3-1 iTynCB"></div></div><div class="sc-79c0c972-0 jowmFP"><div class="price__calculation_method">$17.50 per 1kg</div></div></section><div data-testid="currently-unavailable-prompt" class="sc-94249bad-2 gApsWc coles-targeting-ProductTileCurrentlyUnavailableMessageWrapper"><span class="sc-94249bad-4 iAMCsX coles-targeting-ProductTileCurrentlyUnavailableMessageText">Currently unavailable</span></div></div></div></header></div><div class="product__cta_section"><div aria-hidden="false" class="product__pricing_area hide-on-small-screen" data-testid="large-screen-pricing"><section class="sc-5fbea9b3-0 lcJbEb product__pricing product__pricing" data-testid="product_price"><div class="price"><span class="price__value" data-testid="product-pricing" aria-label="Price $3.50">$3.50</span><div class="sc-5fbea9b3-1 iTynCB"></div></div><div class="sc-79c0c972-0 jowmFP"><div class="price__calculation_method">$17.50 per 1kg</div></div></section></div><div data-testid="product-tile-cta-content"><div class="unavailable-container hide-on-small-screen"><div class="product__unavailable hide-on-small-screen" data-testid="large-screen-currently-unavailable-prompt"><div data-testid="currently-unavailable-prompt" class="sc-94249bad-2 gApsWc coles-targeting-ProductTileCurrentlyUnavailableMessageWrapper"><span class="sc-94249bad-4 iAMCsX coles-targeting-ProductTileCurrentlyUnavailableMessageText">Currently unavailable</span></div></div><div aria-hidden="false" class="similar-product-unavailable hide-on-small-screen" data-testid="large-screen-similar-product-unavailable"></div></div><div class="sc-94249bad-7 hRRJpr product__lists_cta_wrapper" data-testid="product-lists-cta-wrapper"><div class="sc-94249bad-5 jLgRPd"><div class="sc-a8456285-0 hnyfJP shop-alternatives"><button type="submit" data-testid="shop-alts-btn" aria-label="Shop similar" class="sc-745d6c85-0 bTByLa coles-targeting-ButtonButton button "><span aria-hidden="false" class="sc-d1851dcf-0 nqwlO coles-targeting-ButtonButtonChildContainer">Shop similar</span></button></div></div></div></div></div></section><section data-testid="product-tile" class="sc-94249bad-8 hQizZu coles-targeting-ProductTileProductTileWrapper"><div class="sc-500ab215-0 gdBZRm coles-targeting-ProductTileHat product-hat is-special coles-targeting-ProductTileHat product-hat is-special" data-testid="product-hat">Special</div><div tabindex="0" class="sc-94249bad-11 iHToZU coles-targeting-ProductTileHeaderWrapper"><header class="product__header"><div class="product__image_area"><a tabindex="-1" class="product__link product__image" aria-label="Primo Mild Hungarian Salami | 80g" href="/product/primo-mild-hungarian-salami-80g-2814013"><span class="sc-51f151be-0 irGhqP"><img alt="" data-testid="product-image" srcSet="/_next/image?url=https%3A%2F%2Fproductimages.coles.com.au%2Fproductimages%2F2%2F2814013.jpg&amp;w=256&amp;q=90 1x, /_next/image?url=https%3A%2F%2Fproductimages.coles.com.au%2Fproductimages%2F2%2F2814013.jpg&amp;w=640&amp;q=90 2x" src="/_next/image?url=https%3A%2F%2Fproductimages.coles.com.au%2Fproductimages%2F2%2F2814013.jpg&amp;w=640&amp;q=90" width="200" height="200" decoding="async" data-nimg="1" loading="lazy" style="color:transparent;height:auto;max-width:100%;max-height:100%"/></span></a></div><div class="product__message-title_area" aria-hidden="true"><div class="sc-94249bad-21 khMxyt product__link product__link__analytics product__link product__link__analytics" tabindex="-1"><h2 class="LinesEllipsis  product__title">Primo Mild Hungarian Salami | 80g<wbr/></h2></div><span data-testid="multi_save" class="sc-f4be1fe7-0 hjCQAH product__badge product__badge"><span class="roundel-text multi_save">SPECIAL</span></span><div aria-hidden="true" class="product__pricing_area show-on-small-screen" data-testid="small-screen-pricing"><section class="sc-5fbea9b3-0 lcJbEb product__pricing product__pricing" data-testid="product_price"><div class="price"><span class="price__value" data-testid="product-pricing" aria-label="Price $3.95">$3.95</span><div class="sc-5fbea9b3-1 iTynCB"></div></div><div class="sc-79c0c972-0 jowmFP"><div class="price__calculation_method">$49.38 per 1kg</div></div></section><div class="sc-94249bad-16 BfoYV coles-targeting-ProductTileMultiBuyContainer"><div class="product__offers_description" data-testid="offers"><span class="product_promotion complex"><button data-testid="complex-promotion-link" class="sc-856ff560-0 sc-856ff560-1 sc-b5a96ce8-1 jGROiw gVzeRG jEONlN coles-targeting-LinkLinkInternal link coles-targeting-LinkLinkInternal link coles-targeting-LinkLinkInternal link coles-targeting-LinkLinkInternal link" tabindex="0" target="">Pick any 2 for $6.70</button></span></div></div></div></div></header></div><div class="product__cta_section"><div aria-hidden="false" class="product__pricing_area hide-on-small-screen" data-testid="large-screen-pricing"><section class="sc-5fbea9b3-0 lcJbEb product__pricing product__pricing" data-testid="product_price"><div class="price"><span class="price__value" data-testid="product-pricing" aria-label="Price $3.95">$3.95</span><div class="sc-5fbea9b3-1 iTynCB"></div></div><div class="sc-79c0c972-0 jowmFP"><div class="price__calculation_method">$49.38 per 1kg</div></div></section><div class="sc-94249bad-16 BfoYV coles-targeting-ProductTileMultiBuyContainer"><div class="product__offers_description" data-testid="offers"><span class="product_promotion complex"><button data-testid="complex-promotion-link" class="sc-856ff560-0 sc-856ff560-1 sc-b5a96ce8-1 jGROiw gVzeRG jEONlN coles-targeting-LinkLinkInternal link coles-targeting-LinkLinkInternal link coles-targeting-LinkLinkInternal link coles-targeting-LinkLinkInternal link" tabindex="0" target="">Pick any 2 for $6.70</button></span></div></div></div><div data-testid="product-tile-cta-content"><div class="unavailable-container hide-on-small-screen"><div aria-hidden="false" class="similar-product-unavailable hide-on-small-screen" data-testid="large-screen-similar-product-unavailable"></div></div><div class="sc-94249bad-7 hRRJpr product__lists_cta_wrapper" data-testid="product-lists-cta-wrapper"><div class="sc-94249bad-5 jLgRPd"><div data-testid="add-to-cart" class="sc-fa03433-0 kJRZNZ product__add_to_cart product__add_to_cart"><button data-testid="add-to-cart-button" aria-label="Add Primo Mild Hungarian Salami to the trolley" class="sc-745d6c85-0 kXjmbO product-tiles-btn coles-targeting-ButtonButton button "><span aria-hidden="false" class="sc-d1851dcf-0 ivDnVb coles-targeting-ButtonButtonChildContainer"><svg focusable="false" xmlns="http://www.w3.org/2000/svg" width="24" height="24" viewBox="0 0 24 24"><g fill="none" fill-rule="evenodd"><path stroke="currentColor" stroke-linecap="round" stroke-linejoin="round" stroke-width="2" vector-effect="non-scaling-stroke" d="M8,22 C8.55228475,22 9,21.5522847 9,21 C9,20.4477153 8.55228475,20 8,20 C7.44771525,20 7,20.4477153 7,21 C7,21.5522847 7.44771525,22 8,22 Z M18,22 C18.5522847,22 19,21.5522847 19,21 C19,20.4477153 18.5522847,20 18,20 C17.4477153,20 17,20.4477153 17,21 C17,21.5522847 17.4477153,22 18,22 Z M2,3 L4.5,3 L6.68,14.39 C6.86873697,15.3402315 7.71138394,16.0185624 8.68,16 L17.4,16 C18.3686161,16.0185624 19.211263,15.3402315 19.4,14.39 L21,7 M13,12 L13,6 M10,9 L16,9"></path></g></svg>Add</span></button></div></div></div></div></div></section><section data-testid="product-tile" class="sc-94249bad-8 joBIZU coles-targeting-ProductTileProductTileWrapper"><div class="sc-500ab215-0 gdBZRm coles-targeting-ProductTileHat product-hat coles-targeting-ProductTileHat product-hat" data-testid="product-hat"></div><div tabindex="0" class="sc-94249bad-11 iHToZU coles-targeting-ProductTileHeaderWrapper"><header class="product__header"><div class="product__image_area"><a tabindex="-1" class="product__link product__image" aria-label="Coles Pot Set Natural Greek Style Yoghurt | 1kg" href="/product/coles-pot-set-natural-greek-style-yoghurt-1kg-2273467"><span class="sc-51f151be-0 irGhqP"><img alt="" data-testid="product-image" srcSet="/_next/image?url=https%3A%2F%2Fproductimages.coles.com.au%2Fproductimages%2F2%2F2273467.jpg&amp;w=256&amp;q=90 1x, /_next/image?url=https%3A%2F%2Fproductimages.coles.com.au%2Fproductimages%2F2%2F2273467.jpg&amp;w=640&amp;q=90 2x" src="/_next/image?url=https%3A%2F%2Fproductimages.coles.com.au%2Fproductimages%2F2%2F2273467.jpg&amp;w=640&amp;q=90" width="200" height="200" decoding="async" data-nimg="1" loading="lazy" style="color:transparent;height:auto;max-width:100%;max-height:100%"/></span></a></div><div class="product__message-title_area" aria-hidden="true"><div class="sc-94249bad-21 khMxyt product__link product__link__analytics product__link product__link__analytics" tabindex="-1"><h2 class="LinesEllipsis  product__title">Coles Pot Set Natural Greek Style Yoghurt | 1kg<wbr/></h2></div><div aria-hidden="true" class="product__pricing_area show-on-small-screen" data-testid="small-screen-pricing"><section class="sc-5fbea9b3-0 lcJbEb product__pricing product__pricing" data-testid="product_price"><div class="price"><span class="price__value" data-testid="product-pricing" aria-label="Price $4.50">$4.50</span><div class="sc-5fbea9b3-1 iTynCB"></div></div><div class="sc-79c0c972-0 jowmFP"><div class="price__calculation_method">$0.45 per 100g</div></div></section></div></div></header></div><div class="product__cta_section"><div aria-hidden="false" class="product__pricing_area hide-on-small-screen" data-testid="large-screen-pricing"><section class="sc-5fbea9b3-0 lcJbEb product__pricing product__pricing" data-testid="product_price"><div class="price"><span class="price__value" data-testid="product-pricing" aria-label="Price $4.50">$4.50</span><div class="sc-5fbea9b3-1 iTynCB"></div></div><div class="sc-79c0c972-0 jowmFP"><div class="price__calculation_method">$0.45 per 100g</div></div></section></div><div data-testid="product-tile-cta-content"><div class="unavailable-container hide-on-small-screen"><div aria-hidden="false" class="similar-product-unavailable hide-on-small-screen" data-testid="large-screen-similar-product-unavailable"></div></div><div class="sc-94249bad-7 hRRJpr product__lists_cta_wrapper" data-testid="product-lists-cta-wrapper"><div class="sc-94249bad-5 jLgRPd"><div data-testid="add-to-cart" class="sc-fa03433-0 kJRZNZ product__add_to_cart product__add_to_cart"><button data-testid="add-to-cart-button" aria-label="Add Coles Pot Set Natural Greek Style Yoghurt to the trolley" class="sc-745d6c85-0 kXjmbO product-tiles-btn coles-targeting-ButtonButton button "><span aria-hidden="false" class="sc-d1851dcf-0 ivDnVb coles-targeting-ButtonButtonChildContainer"><svg focusable="false" xmlns="http://www.w3.org/2000/svg" width="24" height="24" viewBox="0 0 24 24"><g fill="none" fill-rule="evenodd"><path stroke="currentColor" stroke-linecap="round" stroke-linejoin="round" stroke-width="2" vector-effect="non-scaling-stroke" d="M8,22 C8.55228475,22 9,21.5522847 9,21 C9,20.4477153 8.55228475,20 8,20 C7.44771525,20 7,20.4477153 7,21 C7,21.5522847 7.44771525,22 8,22 Z M18,22 C18.5522847,22 19,21.5522847 19,21 C19,20.4477153 18.5522847,20 18,20 C17.4477153,20 17,20.4477153 17,21 C17,21.5522847 17.4477153,22 18,22 Z M2,3 L4.5,3 L6.68,14.39 C6.86873697,15.3402315 7.71138394,16.0185624 8.68,16 L17.4,16 C18.3686161,16.0185624 19.211263,15.3402315 19.4,14.39 L21,7 M13,12 L13,6 M10,9 L16,9"></path></g></svg>Add</span></button></div></div></div></div></div></section><section data-testid="product-tile" class="sc-94249bad-8 joBIZU coles-targeting-ProductTileProductTileWrapper"><div class="sc-500ab215-0 gdBZRm coles-targeting-ProductTileHat product-hat coles-targeting-ProductTileHat product-hat" data-testid="product-hat"></div><div tabindex="0" class="sc-94249bad-11 iHToZU coles-targeting-ProductTileHeaderWrapper"><header class="product__header"><div class="product__image_area"><a tabindex="-1" class="product__link product__image" aria-label="Pauls Smarter White Milk 2% Fat Full Cream Taste | 2L" href="/product/pauls-smarter-white-milk-2percent-fat-full-cream-taste-2l-9411784"><span class="sc-51f151be-0 irGhqP"><img alt="" data-testid="product-image" srcSet="/_next/image?url=https%3A%2F%2Fproductimages.coles.com.au%2Fproductimages%2F9%2F9411784.jpg&amp;w=256&amp;q=90 1x, /_next/image?url=https%3A%2F%2Fproductimages.coles.com.au%2Fproductimages%2F9%2F9411784.jpg&amp;w=640&amp;q=90 2x" src="/_next/image?url=https%3A%2F%2Fproductimages.coles.com.au%2Fproductimages%2F9%2F9411784.jpg&amp;w=640&amp;q=90" width="200" height="200" decoding="async" data-nimg="1" loading="lazy" style="color:transparent;height:auto;max-width:100%;max-height:100%"/></span></a></div><div class="product__message-title_area" aria-hidden="true"><div class="sc-94249bad-21 khMxyt product__link product__link__analytics product__link product__link__analytics" tabindex="-1"><h2 class="LinesEllipsis  product__title">Pauls Smarter White Milk 2% Fat Full Cream Taste | 2L<wbr/></h2></div><div aria-hidden="true" class="product__pricing_area show-on-small-screen" data-testid="small-screen-pricing"><section class="sc-5fbea9b3-0 lcJbEb product__pricing product__pricing" data-testid="product_price"><div class="price"><span class="price__value" data-testid="product-pricing" aria-label="Price $4.85">$4.85</span><div class="sc-5fbea9b3-1 iTynCB"></div></div><div class="sc-79c0c972-0 jowmFP"><div class="price__calculation_method">$2.43 per 1L</div></div></section></div></div></header></div><div class="product__cta_section"><div aria-hidden="false" class="product__pricing_area hide-on-small-screen" data-testid="large-screen-pricing"><section class="sc-5fbea9b3-0 lcJbEb product__pricing product__pricing" data-testid="product_price"><div class="price"><span class="price__value" data-testid="product-pricing" aria-label="Price $4.85">$4.85</span><div class="sc-5fbea9b3-1 iTynCB"></div></div><div class="sc-79c0c972-0 jowmFP"><div class="price__calculation_method">$2.43 per 1L</div></div></section></div><div data-testid="product-tile-cta-content"><div class="unavailable-container hide-on-small-screen"><div aria-hidden="false" class="similar-product-unavailable hide-on-small-screen" data-testid="large-screen-similar-product-unavailable"></div></div><div class="sc-94249bad-7 hRRJpr product__lists_cta_wrapper" data-testid="product-lists-cta-wrapper"><div class="sc-94249bad-5 jLgRPd"><div data-testid="add-to-cart" class="sc-fa03433-0 kJRZNZ product__add_to_cart product__add_to_cart"><button data-testid="add-to-cart-button" aria-label="Add Pauls Smarter White Milk 2% Fat Full Cream Taste to the trolley" class="sc-745d6c85-0 kXjmbO product-tiles-btn coles-targeting-ButtonButton button "><span aria-hidden="false" class="sc-d1851dcf-0 ivDnVb coles-targeting-ButtonButtonChildContainer"><svg focusable="false" xmlns="http://www.w3.org/2000/svg" width="24" height="24" viewBox="0 0 24 24"><g fill="none" fill-rule="evenodd"><path stroke="currentColor" stroke-linecap="round" stroke-linejoin="round" stroke-width="2" vector-effect="non-scaling-stroke" d="M8,22 C8.55228475,22 9,21.5522847 9,21 C9,20.4477153 8.55228475,20 8,20 C7.44771525,20 7,20.4477153 7,21 C7,21.5522847 7.44771525,22 8,22 Z M18,22 C18.5522847,22 19,21.5522847 19,21 C19,20.4477153 18.5522847,20 18,20 C17.4477153,20 17,20.4477153 17,21 C17,21.5522847 17.4477153,22 18,22 Z M2,3 L4.5,3 L6.68,14.39 C6.86873697,15.3402315 7.71138394,16.0185624 8.68,16 L17.4,16 C18.3686161,16.0185624 19.211263,15.3402315 19.4,14.39 L21,7 M13,12 L13,6 M10,9 L16,9"></path></g></svg>Add</span></button></div></div></div></div></div></section><section data-testid="product-tile" class="sc-94249bad-8 joBIZU coles-targeting-ProductTileProductTileWrapper"><div class="sc-500ab215-0 gdBZRm coles-targeting-ProductTileHat product-hat coles-targeting-ProductTileHat product-hat" data-testid="product-hat"></div><div tabindex="0" class="sc-94249bad-11 iHToZU coles-targeting-ProductTileHeaderWrapper"><header class="product__header"><div class="product__image_area"><a tabindex="-1" class="product__link product__image" aria-label="Coles Dairy Shredded Parmesan Cheese | 250g" href="/product/coles-dairy-shredded-parmesan-cheese-250g-5726014"><span class="sc-51f151be-0 irGhqP"><img alt="" data-testid="product-image" srcSet="/_next/image?url=https%3A%2F%2Fproductimages.coles.com.au%2Fproductimages%2F5%2F5726014.jpg&amp;w=256&amp;q=90 1x, /_next/image?url=https%3A%2F%2Fproductimages.coles.com.au%2Fproductimages%2F5%2F5726014.jpg&amp;w=640&amp;q=90 2x" src="/_next/image?url=https%3A%2F%2Fproductimages.coles.com.au%2Fproductimages%2F5%2F5726014.jpg&amp;w=640&amp;q=90" width="200" height="200" decoding="async" data-nimg="1" loading="lazy" style="color:transparent;height:auto;max-width:100%;max-height:100%"/></span></a></div><div class="product__message-title_area" aria-hidden="true"><div class="sc-94249bad-21 khMxyt product__link product__link__analytics product__link product__link__analytics" tabindex="-1"><h2 class="LinesEllipsis  product__title">Coles Dairy Shredded Parmesan Cheese | 250g<wbr/></h2></div><div aria-hidden="true" class="product__pricing_area show-on-small-screen" data-testid="small-screen-pricing"><section class="sc-5fbea9b3-0 lcJbEb product__pricing product__pricing" data-testid="product_price"><div class="price"><span class="price__value" data-testid="product-pricing" aria-label="Price $6.00">$6.00</span><div class="sc-5fbea9b3-1 iTynCB"></div></div><div class="sc-79c0c972-0 jowmFP"><div class="price__calculation_method">$24.00 per 1kg</div></div></section></div></div></header></div><div class="product__cta_section"><div aria-hidden="false" class="product__pricing_area hide-on-small-screen" data-testid="large-screen-pricing"><section class="sc-5fbea9b3-0 lcJbEb product__pricing product__pricing" data-testid="product_price"><div class="price"><span class="price__value" data-testid="product-pricing" aria-label="Price $6.00">$6.00</span><div class="sc-5fbea9b3-1 iTynCB"></div></div><div class="sc-79c0c972-0 jowmFP"><div class="price__calculation_method">$24.00 per 1kg</div></div></section></div><div data-testid="product-tile-cta-content"><div class="unavailable-container hide-on-small-screen"><div aria-hidden="false" class="similar-product-unavailable hide-on-small-screen" data-testid="large-screen-similar-product-unavailable"></div></div><div class="sc-94249bad-7 hRRJpr product__lists_cta_wrapper" data-testid="product-lists-cta-wrapper"><div class="sc-94249bad-5 jLgRPd"><div data-testid="add-to-cart" class="sc-fa03433-0 kJRZNZ product__add_to_cart product__add_to_cart"><button data-testid="add-to-cart-button" aria-label="Add Coles Dairy Shredded Parmesan Cheese to the trolley" class="sc-745d6c85-0 kXjmbO product-tiles-btn coles-targeting-ButtonButton button "><span aria-hidden="false" class="sc-d1851dcf-0 ivDnVb coles-targeting-ButtonButtonChildContainer"><svg focusable="false" xmlns="http://www.w3.org/2000/svg" width="24" height="24" viewBox="0 0 24 24"><g fill="none" fill-rule="evenodd"><path stroke="currentColor" stroke-linecap="round" stroke-linejoin="round" stroke-width="2" vector-effect="non-scaling-stroke" d="M8,22 C8.55228475,22 9,21.5522847 9,21 C9,20.4477153 8.55228475,20 8,20 C7.44771525,20 7,20.4477153 7,21 C7,21.5522847 7.44771525,22 8,22 Z M18,22 C18.5522847,22 19,21.5522847 19,21 C19,20.4477153 18.5522847,20 18,20 C17.4477153,20 17,20.4477153 17,21 C17,21.5522847 17.4477153,22 18,22 Z M2,3 L4.5,3 L6.68,14.39 C6.86873697,15.3402315 7.71138394,16.0185624 8.68,16 L17.4,16 C18.3686161,16.0185624 19.211263,15.3402315 19.4,14.39 L21,7 M13,12 L13,6 M10,9 L16,9"></path></g></svg>Add</span></button></div></div></div></div></div></section><section data-testid="product-tile" class="sc-94249bad-8 joBIZU coles-targeting-ProductTileProductTileWrapper"><div class="sc-500ab215-0 gdBZRm coles-targeting-ProductTileHat product-hat coles-targeting-ProductTileHat product-hat" data-testid="product-hat"></div><div tabindex="0" class="sc-94249bad-11 iHToZU coles-targeting-ProductTileHeaderWrapper"><header class="product__header"><div class="product__image_area"><a tabindex="-1" class="product__link product__image" aria-label="Lurpak Butter Spreadable Slightly Salted | 400g" href="/product/lurpak-butter-spreadable-slightly-salted-400g-5376659"><span class="sc-51f151be-0 irGhqP"><img alt="" data-testid="product-image" srcSet="/_next/image?url=https%3A%2F%2Fproductimages.coles.com.au%2Fproductimages%2F5%2F5376659.jpg&amp;w=256&amp;q=90 1x, /_next/image?url=https%3A%2F%2Fproductimages.coles.com.au%2Fproductimages%2F5%2F5376659.jpg&amp;w=640&amp;q=90 2x" src="/_next/image?url=https%3A%2F%2Fproductimages.coles.com.au%2Fproductimages%2F5%2F5376659.jpg&amp;w=640&amp;q=90" width="200" height="200" decoding="async" data-nimg="1" loading="lazy" style="color:transparent;height:auto;max-width:100%;max-height:100%"/></span></a></div><div class="product__message-title_area" aria-hidden="true"><div class="sc-94249bad-21 khMxyt product__link product__link__analytics product__link product__link__analytics" tabindex="-1"><h2 class="LinesEllipsis  product__title">Lurpak Butter Spreadable Slightly Salted | 400g<wbr/></h2></div><span data-testid="every-day" class="sc-f4be1fe7-0 gXctFU product__badge product__badge"><span class="roundel-text every-day">EVERY DAY</span></span><div aria-hidden="true" class="product__pricing_area show-on-small-screen" data-testid="small-screen-pricing"><section class="sc-5fbea9b3-0 lcJbEb product__pricing product__pricing" data-testid="product_price"><div class="price"><span class="price__value" data-testid="product-pricing" aria-label="Price $7.50">$7.50</span><div class="sc-5fbea9b3-1 iTynCB"></div></div><div class="sc-79c0c972-0 jowmFP"><div class="price__calculation_method">$1.88 per 100g</div></div></section></div></div></header></div><div class="product__cta_section"><div aria-hidden="false" class="product__pricing_area hide-on-small-screen" data-testid="large-screen-pricing"><section class="sc-5fbea9b3-0 lcJbEb product__pricing product__pricing" data-testid="product_price"><div class="price"><span class="price__value" data-testid="product-pricing" aria-label="Price $7.50">$7.50</span><div class="sc-5fbea9b3-1 iTynCB"></div></div><div class="sc-79c0c972-0 jowmFP"><div class="price__calculation_method">$1.88 per 100g</div></div></section></div><div data-testid="product-tile-cta-content"><div class="unavailable-container hide-on-small-screen"><div aria-hidden="false" class="similar-product-unavailable hide-on-small-screen" data-testid="large-screen-similar-product-unavailable"></div></div><div class="sc-94249bad-7 hRRJpr product__lists_cta_wrapper" data-testid="product-lists-cta-wrapper"><div class="sc-94249bad-5 jLgRPd"><div data-testid="add-to-cart" class="sc-fa03433-0 kJRZNZ product__add_to_cart product__add_to_cart"><button data-testid="add-to-cart-button" aria-label="Add Lurpak Butter Spreadable Slightly Salted to the trolley" class="sc-745d6c85-0 kXjmbO product-tiles-btn coles-targeting-ButtonButton button "><span aria-hidden="false" class="sc-d1851dcf-0 ivDnVb coles-targeting-ButtonButtonChildContainer"><svg focusable="false" xmlns="http://www.w3.org/2000/svg" width="24" height="24" viewBox="0 0 24 24"><g fill="none" fill-rule="evenodd"><path stroke="currentColor" stroke-linecap="round" stroke-linejoin="round" stroke-width="2" vector-effect="non-scaling-stroke" d="M8,22 C8.55228475,22 9,21.5522847 9,21 C9,20.4477153 8.55228475,20 8,20 C7.44771525,20 7,20.4477153 7,21 C7,21.5522847 7.44771525,22 8,22 Z M18,22 C18.5522847,22 19,21.5522847 19,21 C19,20.4477153 18.5522847,20 18,20 C17.4477153,20 17,20.4477153 17,21 C17,21.5522847 17.4477153,22 18,22 Z M2,3 L4.5,3 L6.68,14.39 C6.86873697,15.3402315 7.71138394,16.0185624 8.68,16 L17.4,16 C18.3686161,16.0185624 19.211263,15.3402315 19.4,14.39 L21,7 M13,12 L13,6 M10,9 L16,9"></path></g></svg>Add</span></button></div></div></div></div></div></section><section data-testid="product-tile" class="sc-94249bad-8 joBIZU coles-targeting-ProductTileProductTileWrapper"><div class="sc-500ab215-0 gdBZRm coles-targeting-ProductTileHat product-hat coles-targeting-ProductTileHat product-hat" data-testid="product-hat"></div><div tabindex="0" class="sc-94249bad-11 iHToZU coles-targeting-ProductTileHeaderWrapper"><header class="product__header"><div class="product__image_area"><a tabindex="-1" class="product__link product__image" aria-label="Coles English Sliced Ham | 100g" href="/product/coles-english-sliced-ham-100g-3053353"><span class="sc-51f151be-0 irGhqP"><img alt="" data-testid="product-image" srcSet="/_next/image?url=https%3A%2F%2Fproductimages.coles.com.au%2Fproductimages%2F3%2F3053353.jpg&amp;w=256&amp;q=90 1x, /_next/image?url=https%3A%2F%2Fproductimages.coles.com.au%2Fproductimages%2F3%2F3053353.jpg&amp;w=640&amp;q=90 2x" src="/_next/image?url=https%3A%2F%2Fproductimages.coles.com.au%2Fproductimages%2F3%2F3053353.jpg&amp;w=640&amp;q=90" width="200" height="200" decoding="async" data-nimg="1" loading="lazy" style="color:transparent;height:auto;max-width:100%;max-height:100%"/></span></a></div><div class="product__message-title_area" aria-hidden="true"><div class="sc-94249bad-21 khMxyt product__link product__link__analytics product__link product__link__analytics" tabindex="-1"><h2 class="LinesEllipsis  product__title">Coles English Sliced Ham | 100g<wbr/></h2></div><div aria-hidden="true" class="product__pricing_area show-on-small-screen" data-testid="small-screen-pricing"><section class="sc-5fbea9b3-0 lcJbEb product__pricing product__pricing" data-testid="product_price"><div class="price"><span class="price__value" data-testid="product-pricing" aria-label="Price $2.45">$2.45</span><div class="sc-5fbea9b3-1 iTynCB"></div></div><div class="sc-79c0c972-0 jowmFP"><div class="price__calculation_method">$24.50 per 1kg</div></div></section></div></div></header></div><div class="product__cta_section"><div aria-hidden="false" class="product__pricing_area hide-on-small-screen" data-testid="large-screen-pricing"><section class="sc-5fbea9b3-0 lcJbEb product__pricing product__pricing" data-testid="product_price"><div class="price"><span class="price__value" data-testid="product-pricing" aria-label="Price $2.45">$2.45</span><div class="sc-5fbea9b3-1 iTynCB"></div></div><div class="sc-79c0c972-0 jowmFP"><div class="price__calculation_method">$24.50 per 1kg</div></div></section></div><div data-testid="product-tile-cta-content"><div class="unavailable-container hide-on-small-screen"><div aria-hidden="false" class="similar-product-unavailable hide-on-small-screen" data-testid="large-screen-similar-product-unavailable"></div></div><div class="sc-94249bad-7 hRRJpr product__lists_cta_wrapper" data-testid="product-lists-cta-wrapper"><div class="sc-94249bad-5 jLgRPd"><div data-testid="add-to-cart" class="sc-fa03433-0 kJRZNZ product__add_to_cart product__add_to_cart"><button data-testid="add-to-cart-button" aria-label="Add Coles English Sliced Ham to the trolley" class="sc-745d6c85-0 kXjmbO product-tiles-btn coles-targeting-ButtonButton button "><span aria-hidden="false" class="sc-d1851dcf-0 ivDnVb coles-targeting-ButtonButtonChildContainer"><svg focusable="false" xmlns="http://www.w3.org/2000/svg" width="24" height="24" viewBox="0 0 24 24"><g fill="none" fill-rule="evenodd"><path stroke="currentColor" stroke-linecap="round" stroke-linejoin="round" stroke-width="2" vector-effect="non-scaling-stroke" d="M8,22 C8.55228475,22 9,21.5522847 9,21 C9,20.4477153 8.55228475,20 8,20 C7.44771525,20 7,20.4477153 7,21 C7,21.5522847 7.44771525,22 8,22 Z M18,22 C18.5522847,22 19,21.5522847 19,21 C19,20.4477153 18.5522847,20 18,20 C17.4477153,20 17,20.4477153 17,21 C17,21.5522847 17.4477153,22 18,22 Z M2,3 L4.5,3 L6.68,14.39 C6.86873697,15.3402315 7.71138394,16.0185624 8.68,16 L17.4,16 C18.3686161,16.0185624 19.211263,15.3402315 19.4,14.39 L21,7 M13,12 L13,6 M10,9 L16,9"></path></g></svg>Add</span></button></div></div></div></div></div></section><section data-testid="product-tile" class="sc-94249bad-8 joBIZU coles-targeting-ProductTileProductTileWrapper"><div class="sc-500ab215-0 gdBZRm coles-targeting-ProductTileHat product-hat coles-targeting-ProductTileHat product-hat" data-testid="product-hat"></div><div tabindex="0" class="sc-94249bad-11 iHToZU coles-targeting-ProductTileHeaderWrapper"><header class="product__header"><div class="product__image_area"><a tabindex="-1" class="product__link product__image" aria-label="Mainland Butter Soft Salt Reduced Spreadable Butter | 375g" href="/product/mainland-butter-soft-salt-reduced-spreadable-butter-375g-6854745"><span class="sc-51f151be-0 irGhqP"><img alt="" data-testid="product-image" srcSet="/_next/image?url=https%3A%2F%2Fproductimages.coles.com.au%2Fproductimages%2F6%2F6854745.jpg&amp;w=256&amp;q=90 1x, /_next/image?url=https%3A%2F%2Fproductimages.coles.com.au%2Fproductimages%2F6%2F6854745.jpg&amp;w=640&amp;q=90 2x" src="/_next/image?url=https%3A%2F%2Fproductimages.coles.com.au%2Fproductimages%2F6%2F6854745.jpg&amp;w=640&amp;q=90" width="200" height="200" decoding="async" data-nimg="1" loading="lazy" style="color:transparent;height:auto;max-width:100%;max-height:100%"/></span></a></div><div class="product__message-title_area" aria-hidden="true"><div class="sc-94249bad-21 khMxyt product__link product__link__analytics product__link product__link__analytics" tabindex="-1"><h2 class="LinesEllipsis  product__title">Mainland Butter Soft Salt Reduced Spreadable Butter | 375g<wbr/></h2></div><span data-testid="down-down" class="sc-f4be1fe7-0 gXctFU product__badge product__badge"><span class="roundel-text down-down">DOWN DOWN</span></span><div aria-hidden="true" class="product__pricing_area show-on-small-screen" data-testid="small-screen-pricing"><section class="sc-5fbea9b3-0 lcJbEb product__pricing product__pricing" data-testid="product_price"><div class="price"><span class="price__value" data-testid="product-pricing" aria-label="Price $7.50">$7.50</span><div class="sc-5fbea9b3-1 iTynCB"></div></div><div class="sc-79c0c972-0 jowmFP"><div class="price__calculation_method">$2.00 per 100g<div class="price__was"><strong>Was $8.00 on Oct 2024</strong></div></div></div></section></div></div></header></div><div class="product__cta_section"><div aria-hidden="false" class="product__pricing_area hide-on-small-screen" data-testid="large-screen-pricing"><section class="sc-5fbea9b3-0 lcJbEb product__pricing product__pricing" data-testid="product_price"><div class="price"><span class="price__value" data-testid="product-pricing" aria-label="Price $7.50">$7.50</span><div class="sc-5fbea9b3-1 iTynCB"></div></div><div class="sc-79c0c972-0 jowmFP"><div class="price__calculation_method">$2.00 per 100g<div class="price__was"><strong>Was $8.00 on Oct 2024</strong></div></div></div></section></div><div data-testid="product-tile-cta-content"><div class="unavailable-container hide-on-small-screen"><div aria-hidden="false" class="similar-product-unavailable hide-on-small-screen" data-testid="large-screen-similar-product-unavailable"></div></div><div class="sc-94249bad-7 hRRJpr product__lists_cta_wrapper" data-testid="product-lists-cta-wrapper"><div class="sc-94249bad-5 jLgRPd"><div data-testid="add-to-cart" class="sc-fa03433-0 kJRZNZ product__add_to_cart product__add_to_cart"><button data-testid="add-to-cart-button" aria-label="Add Mainland Butter Soft Salt Reduced Spreadable Butter to the trolley" class="sc-745d6c85-0 kXjmbO product-tiles-btn coles-targeting-ButtonButton button "><span aria-hidden="false" class="sc-d1851dcf-0 ivDnVb coles-targeting-ButtonButtonChildContainer"><svg focusable="false" xmlns="http://www.w3.org/2000/svg" width="24" height="24" viewBox="0 0 24 24"><g fill="none" fill-rule="evenodd"><path stroke="currentColor" stroke-linecap="round" stroke-linejoin="round" stroke-width="2" vector-effect="non-scaling-stroke" d="M8,22 C8.55228475,22 9,21.5522847 9,21 C9,20.4477153 8.55228475,20 8,20 C7.44771525,20 7,20.4477153 7,21 C7,21.5522847 7.44771525,22 8,22 Z M18,22 C18.5522847,22 19,21.5522847 19,21 C19,20.4477153 18.5522847,20 18,20 C17.4477153,20 17,20.4477153 17,21 C17,21.5522847 17.4477153,22 18,22 Z M2,3 L4.5,3 L6.68,14.39 C6.86873697,15.3402315 7.71138394,16.0185624 8.68,16 L17.4,16 C18.3686161,16.0185624 19.211263,15.3402315 19.4,14.39 L21,7 M13,12 L13,6 M10,9 L16,9"></path></g></svg>Add</span></button></div></div></div></div></div></section><section data-testid="product-tile" class="sc-94249bad-8 joBIZU coles-targeting-ProductTileProductTileWrapper"><div class="sc-500ab215-0 gdBZRm coles-targeting-ProductTileHat product-hat is-special coles-targeting-ProductTileHat product-hat is-special" data-testid="product-hat">Special</div><div tabindex="0" class="sc-94249bad-11 iHToZU coles-targeting-ProductTileHeaderWrapper"><header class="product__header"><div class="product__image_area"><a tabindex="-1" class="product__link product__image" aria-label="Gippsland Dairy Strawberry Waffle Mix-Ins | 140g" href="/product/gippsland-dairy-strawberry-waffle-mix-ins-140g-5310253"><span class="sc-51f151be-0 irGhqP"><img alt="" data-testid="product-image" srcSet="/_next/image?url=https%3A%2F%2Fproductimages.coles.com.au%2Fproductimages%2F5%2F5310253.jpg&amp;w=256&amp;q=90 1x, /_next/image?url=https%3A%2F%2Fproductimages.coles.com.au%2Fproductimages%2F5%2F5310253.jpg&amp;w=640&amp;q=90 2x" src="/_next/image?url=https%3A%2F%2Fproductimages.coles.com.au%2Fproductimages%2F5%2F5310253.jpg&amp;w=640&amp;q=90" width="200" height="200" decoding="async" data-nimg="1" loading="lazy" style="color:transparent;height:auto;max-width:100%;max-height:100%"/></span></a></div><div class="product__message-title_area" aria-hidden="true"><div class="sc-94249bad-21 khMxyt product__link product__link__analytics product__link product__link__analytics" tabindex="-1"><h2 class="LinesEllipsis  product__title">Gippsland Dairy Strawberry Waffle Mix-Ins | 140g<wbr/></h2></div><span data-testid="simple-fixed-price-specials" class="sc-f4be1fe7-0 fFgzur product__badge product__badge"><span class="roundel-text simple-fixed-price-specials is-half-price">1/2</span><span class="roundel-adornment simple-fixed-price-specials is-half-price"><span></span>PRICE<span></span></span></span><div aria-hidden="true" class="product__pricing_area show-on-small-screen" data-testid="small-screen-pricing"><section class="sc-5fbea9b3-0 lcJbEb product__pricing product__pricing" data-testid="product_price"><div class="price"><span class="price__value" data-testid="product-pricing" aria-label="Price $1.92">$1.92</span><span data-testid="badge-wrapper" type="savings" class="sc-54c91287-0 ixaypx badge is-small badge is-small"><section aria-label="" class="badge-label">Save $1.93</section></span><div class="sc-5fbea9b3-1 iTynCB"></div></div><div class="sc-79c0c972-0 jowmFP"><div class="price__calculation_method">$1.37 per 100g<span class="price__was"> | Was $3.85</span></div></div></section></div></div></header></div><div class="product__cta_section"><div aria-hidden="false" class="product__pricing_area hide-on-small-screen" data-testid="large-screen-pricing"><section class="sc-5fbea9b3-0 lcJbEb product__pricing product__pricing" data-testid="product_price"><div class="price"><span class="price__value" data-testid="product-pricing" aria-label="Price $1.92">$1.92</span><span data-testid="badge-wrapper" type="savings" class="sc-54c91287-0 ixaypx badge is-small badge is-small"><section aria-label="" class="badge-label">Save $1.93</section></span><div class="sc-5fbea9b3-1 iTynCB"></div></div><div class="sc-79c0c972-0 jowmFP"><div class="price__calculation_method">$1.37 per 100g<span class="price__was"> | Was $3.85</span></div></div></section></div><div data-testid="product-tile-cta-content"><div class="unavailable-container hide-on-small-screen"><div aria-hidden="false" class="similar-product-unavailable hide-on-small-screen" data-testid="large-screen-similar-product-unavailable"></div></div><div class="sc-94249bad-7 hRRJpr product__lists_cta_wrapper" data-testid="product-lists-cta-wrapper"><div class="sc-94249bad-5 jLgRPd"><div data-testid="add-to-cart" class="sc-fa03433-0 kJRZNZ product__add_to_cart product__add_to_cart"><button data-testid="add-to-cart-button" aria-label="Add Gippsland Dairy Strawberry Waffle Mix-Ins to the trolley" class="sc-745d6c85-0 kXjmbO product-tiles-btn coles-targeting-ButtonButton button "><span aria-hidden="false" class="sc-d1851dcf-0 ivDnVb coles-targeting-ButtonButtonChildContainer"><svg focusable="false" xmlns="http://www.w3.org/2000/svg" width="24" height="24" viewBox="0 0 24 24"><g fill="none" fill-rule="evenodd"><path stroke="currentColor" stroke-linecap="round" stroke-linejoin="round" stroke-width="2" vector-effect="non-scaling-stroke" d="M8,22 C8.55228475,22 9,21.5522847 9,21 C9,20.4477153 8.55228475,20 8,20 C7.44771525,20 7,20.4477153 7,21 C7,21.5522847 7.44771525,22 8,22 Z M18,22 C18.5522847,22 19,21.5522847 19,21 C19,20.4477153 18.5522847,20 18,20 C17.4477153,20 17,20.4477153 17,21 C17,21.5522847 17.4477153,22 18,22 Z M2,3 L4.5,3 L6.68,14.39 C6.86873697,15.3402315 7.71138394,16.0185624 8.68,16 L17.4,16 C18.3686161,16.0185624 19.211263,15.3402315 19.4,14.39 L21,7 M13,12 L13,6 M10,9 L16,9"></path></g></svg>Add</span></button></div></div></div></div></div></section><section data-testid="product-tile" class="sc-94249bad-8 joBIZU coles-targeting-ProductTileProductTileWrapper"><div class="sc-500ab215-0 gdBZRm coles-targeting-ProductTileHat product-hat coles-targeting-ProductTileHat product-hat" data-testid="product-hat"></div><div tabindex="0" class="sc-94249bad-11 iHToZU coles-targeting-ProductTileHeaderWrapper"><header class="product__header"><div class="product__image_area"><a tabindex="-1" class="product__link product__image" aria-label="Pauls Rev Low Fat Milk | 2L" href="/product/pauls-rev-low-fat-milk-2l-425043"><span class="sc-51f151be-0 irGhqP"><img alt="" data-testid="product-image" srcSet="/_next/image?url=https%3A%2F%2Fproductimages.coles.com.au%2Fproductimages%2F4%2F425043.jpg&amp;w=256&amp;q=90 1x, /_next/image?url=https%3A%2F%2Fproductimages.coles.com.au%2Fproductimages%2F4%2F425043.jpg&amp;w=640&amp;q=90 2x" src="/_next/image?url=https%3A%2F%2Fproductimages.coles.com.au%2Fproductimages%2F4%2F425043.jpg&amp;w=640&amp;q=90" width="200" height="200" decoding="async" data-nimg="1" loading="lazy" style="color:transparent;height:auto;max-width:100%;max-height:100%"/></span></a></div><div class="product__message-title_area" aria-hidden="true"><div class="sc-94249bad-21 khMxyt product__link product__link__analytics product__link product__link__analytics" tabindex="-1"><h2 class="LinesEllipsis  product__title">Pauls Rev Low Fat Milk | 2L<wbr/></h2></div><span data-testid="every-day" class="sc-f4be1fe7-0 gXctFU product__badge product__badge"><span class="roundel-text every-day">EVERY DAY</span></span><div aria-hidden="true" class="product__pricing_area show-on-small-screen" data-testid="small-screen-pricing"><section class="sc-5fbea9b3-0 lcJbEb product__pricing product__pricing" data-testid="product_price"><div class="price"><span class="price__value" data-testid="product-pricing" aria-label="Price $4.70">$4.70</span><div class="sc-5fbea9b3-1 iTynCB"></div></div><div class="sc-79c0c972-0 jowmFP"><div class="price__calculation_method">$2.35 per 1L</div></div></section></div></div></header></div><div class="product__cta_section"><div aria-hidden="false" class="product__pricing_area hide-on-small-screen" data-testid="large-screen-pricing"><section class="sc-5fbea9b3-0 lcJbEb product__pricing product__pricing" data-testid="product_price"><div class="price"><span class="price__value" data-testid="product-pricing" aria-label="Price $4.70">$4.70</span><div class="sc-5fbea9b3-1 iTynCB"></div></div><div class="sc-79c0c972-0 jowmFP"><div class="price__calculation_method">$2.35 per 1L</div></div></section></div><div data-testid="product-tile-cta-content"><div class="unavailable-container hide-on-small-screen"><div aria-hidden="false" class="similar-product-unavailable hide-on-small-screen" data-testid="large-screen-similar-product-unavailable"></div></div><div class="sc-94249bad-7 hRRJpr product__lists_cta_wrapper" data-testid="product-lists-cta-wrapper"><div class="sc-94249bad-5 jLgRPd"><div data-testid="add-to-cart" class="sc-fa03433-0 kJRZNZ product__add_to_cart product__add_to_cart"><button data-testid="add-to-cart-button" aria-label="Add Pauls Rev Low Fat Milk to the trolley" class="sc-745d6c85-0 kXjmbO product-tiles-btn coles-targeting-ButtonButton button "><span aria-hidden="false" class="sc-d1851dcf-0 ivDnVb coles-targeting-ButtonButtonChildContainer"><svg focusable="false" xmlns="http://www.w3.org/2000/svg" width="24" height="24" viewBox="0 0 24 24"><g fill="none" fill-rule="evenodd"><path stroke="currentColor" stroke-linecap="round" stroke-linejoin="round" stroke-width="2" vector-effect="non-scaling-stroke" d="M8,22 C8.55228475,22 9,21.5522847 9,21 C9,20.4477153 8.55228475,20 8,20 C7.44771525,20 7,20.4477153 7,21 C7,21.5522847 7.44771525,22 8,22 Z M18,22 C18.5522847,22 19,21.5522847 19,21 C19,20.4477153 18.5522847,20 18,20 C17.4477153,20 17,20.4477153 17,21 C17,21.5522847 17.4477153,22 18,22 Z M2,3 L4.5,3 L6.68,14.39 C6.86873697,15.3402315 7.71138394,16.0185624 8.68,16 L17.4,16 C18.3686161,16.0185624 19.211263,15.3402315 19.4,14.39 L21,7 M13,12 L13,6 M10,9 L16,9"></path></g></svg>Add</span></button></div></div></div></div></div></section><section data-testid="product-tile" class="sc-94249bad-8 joBIZU coles-targeting-ProductTileProductTileWrapper"><div class="sc-500ab215-0 gdBZRm coles-targeting-ProductTileHat product-hat coles-targeting-ProductTileHat product-hat" data-testid="product-hat"></div><div tabindex="0" class="sc-94249bad-11 iHToZU coles-targeting-ProductTileHeaderWrapper"><header class="product__header"><div class="product__image_area"><a tabindex="-1" class="product__link product__image" aria-label="Thomson&#x27;s Deli English Style Ham Quad Pack | 400g" href="/product/thomson&#x27;s-deli-english-style-ham-quad-pack-400g-2260476"><span class="sc-51f151be-0 irGhqP"><img alt="" data-testid="product-image" srcSet="/_next/image?url=https%3A%2F%2Fproductimages.coles.com.au%2Fproductimages%2F2%2F2260476.jpg&amp;w=256&amp;q=90 1x, /_next/image?url=https%3A%2F%2Fproductimages.coles.com.au%2Fproductimages%2F2%2F2260476.jpg&amp;w=640&amp;q=90 2x" src="/_next/image?url=https%3A%2F%2Fproductimages.coles.com.au%2Fproductimages%2F2%2F2260476.jpg&amp;w=640&amp;q=90" width="200" height="200" decoding="async" data-nimg="1" loading="lazy" style="color:transparent;height:auto;max-width:100%;max-height:100%"/></span></a></div><div class="product__message-title_area" aria-hidden="true"><div class="sc-94249bad-21 khMxyt product__link product__link__analytics product__link product__link__analytics" tabindex="-1"><h2 class="LinesEllipsis  product__title">Thomson&#x27;s Deli English Style Ham Quad Pack | 400g<wbr/></h2></div><div aria-hidden="true" class="product__pricing_area show-on-small-screen" data-testid="small-screen-pricing"><section class="sc-5fbea9b3-0 lcJbEb product__pricing product__pricing" data-testid="product_price"><div class="price"><span class="price__value" data-testid="product-pricing" aria-label="Price $6.50">$6.50</span><div class="sc-5fbea9b3-1 iTynCB"></div></div><div class="sc-79c0c972-0 jowmFP"><div class="price__calculation_method">$16.25 per 1kg</div></div></section></div></div></header></div><div class="product__cta_section"><div aria-hidden="false" class="product__pricing_area hide-on-small-screen" data-testid="large-screen-pricing"><section class="sc-5fbea9b3-0 lcJbEb product__pricing product__pricing" data-testid="product_price"><div class="price"><span class="price__value" data-testid="product-pricing" aria-label="Price $6.50">$6.50</span><div class="sc-5fbea9b3-1 iTynCB"></div></div><div class="sc-79c0c972-0 jowmFP"><div class="price__calculation_method">$16.25 per 1kg</div></div></section></div><div data-testid="product-tile-cta-content"><div class="unavailable-container hide-on-small-screen"><div aria-hidden="false" class="similar-product-unavailable hide-on-small-screen" data-testid="large-screen-similar-product-unavailable"></div></div><div class="sc-94249bad-7 hRRJpr product__lists_cta_wrapper" data-testid="product-lists-cta-wrapper"><div class="sc-94249bad-5 jLgRPd"><div data-testid="add-to-cart" class="sc-fa03433-0 kJRZNZ product__add_to_cart product__add_to_cart"><button data-testid="add-to-cart-button" aria-label="Add Thomson&#x27;s Deli English Style Ham Quad Pack to the trolley" class="sc-745d6c85-0 kXjmbO product-tiles-btn coles-targeting-ButtonButton button "><span aria-hidden="false" class="sc-d1851dcf-0 ivDnVb coles-targeting-ButtonButtonChildContainer"><svg focusable="false" xmlns="http://www.w3.org/2000/svg" width="24" height="24" viewBox="0 0 24 24"><g fill="none" fill-rule="evenodd"><path stroke="currentColor" stroke-linecap="round" stroke-linejoin="round" stroke-width="2" vector-effect="non-scaling-stroke" d="M8,22 C8.55228475,22 9,21.5522847 9,21 C9,20.4477153 8.55228475,20 8,20 C7.44771525,20 7,20.4477153 7,21 C7,21.5522847 7.44771525,22 8,22 Z M18,22 C18.5522847,22 19,21.5522847 19,21 C19,20.4477153 18.5522847,20 18,20 C17.4477153,20 17,20.4477153 17,21 C17,21.5522847 17.4477153,22 18,22 Z M2,3 L4.5,3 L6.68,14.39 C6.86873697,15.3402315 7.71138394,16.0185624 8.68,16 L17.4,16 C18.3686161,16.0185624 19.211263,15.3402315 19.4,14.39 L21,7 M13,12 L13,6 M10,9 L16,9"></path></g></svg>Add</span></button></div></div></div></div></div></section><section data-testid="product-tile" class="sc-94249bad-8 joBIZU coles-targeting-ProductTileProductTileWrapper"><div class="sc-500ab215-0 gdBZRm coles-targeting-ProductTileHat product-hat coles-targeting-ProductTileHat product-hat" data-testid="product-hat"></div><div tabindex="0" class="sc-94249bad-11 iHToZU coles-targeting-ProductTileHeaderWrapper"><header class="product__header"><div class="product__image_area"><a tabindex="-1" class="product__link product__image" aria-label="Tasmanian Heritage Camembert | 200g" href="/product/tasmanian-heritage-camembert-200g-7670410"><span class="sc-51f151be-0 irGhqP"><img alt="" data-testid="product-image" srcSet="/_next/image?url=https%3A%2F%2Fproductimages.coles.com.au%2Fproductimages%2F7%2F7670410.jpg&amp;w=256&amp;q=90 1x, /_next/image?url=https%3A%2F%2Fproductimages.coles.com.au%2Fproductimages%2F7%2F7670410.jpg&amp;w=640&amp;q=90 2x" src="/_next/image?url=https%3A%2F%2Fproductimages.coles.com.au%2Fproductimages%2F7%2F7670410.jpg&amp;w=640&amp;q=90" width="200" height="200" decoding="async" data-nimg="1" loading="lazy" style="color:transparent;height:auto;max-width:100%;max-height:100%"/></span></a></div><div class="product__message-title_area" aria-hidden="true"><div class="sc-94249bad-21 khMxyt product__link product__link__analytics product__link product__link__analytics" tabindex="-1"><h2 class="LinesEllipsis  product__title">Tasmanian Heritage Camembert | 200g<wbr/></h2></div><div aria-hidden="true" class="product__pricing_area show-on-small-screen" data-testid="small-screen-pricing"><section class="sc-5fbea9b3-0 lcJbEb product__pricing product__pricing" data-testid="product_price"><div class="price"><span class="price__value" data-testid="product-pricing" aria-label="Price $11.95">$11.95</span><div class="sc-5fbea9b3-1 iTynCB"></div></div><div class="sc-79c0c972-0 jowmFP"><div class="price__calculation_method">$59.75 per 1kg</div></div></section></div></div></header></div><div class="product__cta_section"><div aria-hidden="false" class="product__pricing_area hide-on-small-screen" data-testid="large-screen-pricing"><section class="sc-5fbea9b3-0 lcJbEb product__pricing product__pricing" data-testid="product_price"><div class="price"><span class="price__value" data-testid="product-pricing" aria-label="Price $11.95">$11.95</span><div class="sc-5fbea9b3-1 iTynCB"></div></div><div class="sc-79c0c972-0 jowmFP"><div class="price__calculation_method">$59.75 per 1kg</div></div></section></div><div data-testid="product-tile-cta-content"><div class="unavailable-container hide-on-small-screen"><div aria-hidden="false" class="similar-product-unavailable hide-on-small-screen" data-testid="large-screen-similar-product-unavailable"></div></div><div class="sc-94249bad-7 hRRJpr product__lists_cta_wrapper" data-testid="product-lists-cta-wrapper"><div class="sc-94249bad-5 jLgRPd"><div data-testid="add-to-cart" class="sc-fa03433-0 kJRZNZ product__add_to_cart product__add_to_cart"><button data-testid="add-to-cart-button" aria-label="Add Tasmanian Heritage Camembert to the trolley" class="sc-745d6c85-0 kXjmbO product-tiles-btn coles-targeting-ButtonButton button "><span aria-hidden="false" class="sc-d1851dcf-0 ivDnVb coles-targeting-ButtonButtonChildContainer"><svg focusable="false" xmlns="http://www.w3.org/2000/svg" width="24" height="24" viewBox="0 0 24 24"><g fill="none" fill-rule="evenodd"><path stroke="currentColor" stroke-linecap="round" stroke-linejoin="round" stroke-width="2" vector-effect="non-scaling-stroke" d="M8,22 C8.55228475,22 9,21.5522847 9,21 C9,20.4477153 8.55228475,20 8,20 C7.44771525,20 7,20.4477153 7,21 C7,21.5522847 7.44771525,22 8,22 Z M18,22 C18.5522847,22 19,21.5522847 19,21 C19,20.4477153 18.5522847,20 18,20 C17.4477153,20 17,20.4477153 17,21 C17,21.5522847 17.4477153,22 18,22 Z M2,3 L4.5,3 L6.68,14.39 C6.86873697,15.3402315 7.71138394,16.0185624 8.68,16 L17.4,16 C18.3686161,16.0185624 19.211263,15.3402315 19.4,14.39 L21,7 M13,12 L13,6 M10,9 L16,9"></path></g></svg>Add</span></button></div></div></div></div></div></section><section data-testid="product-tile" class="sc-94249bad-8 joBIZU coles-targeting-ProductTileProductTileWrapper"><div class="sc-500ab215-0 gdBZRm coles-targeting-ProductTileHat product-hat is-special coles-targeting-ProductTileHat product-hat is-special" data-testid="product-hat">Special</div><div tabindex="0" class="sc-94249bad-11 iHToZU coles-targeting-ProductTileHeaderWrapper"><header class="product__header"><div class="product__image_area"><a tabindex="-1" class="product__link product__image" aria-label="Farmers Union No Added Sugar Kids Yogurt Pouch Strawberry | 130g" href="/product/farmers-union-no-added-sugar-kids-yogurt-pouch-strawberry-130g-6600689"><span class="sc-51f151be-0 irGhqP"><img alt="" data-testid="product-image" srcSet="/_next/image?url=https%3A%2F%2Fproductimages.coles.com.au%2Fproductimages%2F6%2F6600689.jpg&amp;w=256&amp;q=90 1x, /_next/image?url=https%3A%2F%2Fproductimages.coles.com.au%2Fproductimages%2F6%2F6600689.jpg&amp;w=640&amp;q=90 2x" src="/_next/image?url=https%3A%2F%2Fproductimages.coles.com.au%2Fproductimages%2F6%2F6600689.jpg&amp;w=640&amp;q=90" width="200" height="200" decoding="async" data-nimg="1" loading="lazy" style="color:transparent;height:auto;max-width:100%;max-height:100%"/></span></a></div><div class="product__message-title_area" aria-hidden="true"><div class="sc-94249bad-21 khMxyt product__link product__link__analytics product__link product__link__analytics" tabindex="-1"><h2 class="LinesEllipsis  product__title">Farmers Union No Added Sugar Kids Yogurt Pouch Strawberry | 130g<wbr/></h2></div><span data-testid="simple-fixed-price-specials" class="sc-f4be1fe7-0 hjCQAH product__badge product__badge"><span class="roundel-text simple-fixed-price-specials"><span></span>SPECIAL<span></span></span></span><div aria-hidden="true" class="product__pricing_area show-on-small-screen" data-testid="small-screen-pricing"><section class="sc-5fbea9b3-0 lcJbEb product__pricing product__pricing" data-testid="product_price"><div class="price"><span class="price__value" data-testid="product-pricing" aria-label="Price $1.30">$1.30</span><span data-testid="badge-wrapper" type="savings" class="sc-54c91287-0 ixaypx badge is-small badge is-small"><section aria-label="" class="badge-label">Save $0.90</section></span><div class="sc-5fbea9b3-1 iTynCB"></div></div><div class="sc-79c0c972-0 jowmFP"><div class="price__calculation_method">$1.00 per 100g<span class="price__was"> | Was $2.20</span></div></div></section></div></div></header></div><div class="product__cta_section"><div aria-hidden="false" class="product__pricing_area hide-on-small-screen" data-testid="large-screen-pricing"><section class="sc-5fbea9b3-0 lcJbEb product__pricing product__pricing" data-testid="product_price"><div class="price"><span class="price__value" data-testid="product-pricing" aria-label="Price $1.30">$1.30</span><span data-testid="badge-wrapper" type="savings" class="sc-54c91287-0 ixaypx badge is-small badge is-small"><section aria-label="" class="badge-label">Save $0.90</section></span><div class="sc-5fbea9b3-1 iTynCB"></div></div><div class="sc-79c0c972-0 jowmFP"><div class="price__calculation_method">$1.00 per 100g<span class="price__was"> | Was $2.20</span></div></div></section></div><div data-testid="product-tile-cta-content"><div class="unavailable-container hide-on-small-screen"><div aria-hidden="false" class="similar-product-unavailable hide-on-small-screen" data-testid="large-screen-similar-product-unavailable"></div></div><div class="sc-94249bad-7 hRRJpr product__lists_cta_wrapper" data-testid="product-lists-cta-wrapper"><div class="sc-94249bad-5 jLgRPd"><div data-testid="add-to-cart" class="sc-fa03433-0 kJRZNZ product__add_to_cart product__add_to_cart"><button data-testid="add-to-cart-button" aria-label="Add Farmers Union No Added Sugar Kids Yogurt Pouch Strawberry to the trolley" class="sc-745d6c85-0 kXjmbO product-tiles-btn coles-targeting-ButtonButton button "><span aria-hidden="false" class="sc-d1851dcf-0 ivDnVb coles-targeting-ButtonButtonChildContainer"><svg focusable="false" xmlns="http://www.w3.org/2000/svg" width="24" height="24" viewBox="0 0 24 24"><g fill="none" fill-rule="evenodd"><path stroke="currentColor" stroke-linecap="round" stroke-linejoin="round" stroke-width="2" vector-effect="non-scaling-stroke" d="M8,22 C8.55228475,22 9,21.5522847 9,21 C9,20.4477153 8.55228475,20 8,20 C7.44771525,20 7,20.4477153 7,21 C7,21.5522847 7.44771525,22 8,22 Z M18,22 C18.5522847,22 19,21.5522847 19,21 C19,20.4477153 18.5522847,20 18,20 C17.4477153,20 17,20.4477153 17,21 C17,21.5522847 17.4477153,22 18,22 Z M2,3 L4.5,3 L6.68,14.39 C6.86873697,15.3402315 7.71138394,16.0185624 8.68,16 L17.4,16 C18.3686161,16.0185624 19.211263,15.3402315 19.4,14.39 L21,7 M13,12 L13,6 M10,9 L16,9"></path></g></svg>Add</span></button></div></div></div></div></div></section><section data-testid="product-tile" class="sc-94249bad-8 joBIZU coles-targeting-ProductTileProductTileWrapper"><div class="sc-500ab215-0 gdBZRm coles-targeting-ProductTileHat product-hat coles-targeting-ProductTileHat product-hat" data-testid="product-hat"></div><div tabindex="0" class="sc-94249bad-11 iHToZU coles-targeting-ProductTileHeaderWrapper"><header class="product__header"><div class="product__image_area"><a tabindex="-1" class="product__link product__image" aria-label="Coles Lactose Free Lite Milk | 1L" href="/product/coles-lactose-free-lite-milk-1l-3187597"><span class="sc-51f151be-0 irGhqP"><img alt="" data-testid="product-image" srcSet="/_next/image?url=https%3A%2F%2Fproductimages.coles.com.au%2Fproductimages%2F3%2F3187597.jpg&amp;w=256&amp;q=90 1x, /_next/image?url=https%3A%2F%2Fproductimages.coles.com.au%2Fproductimages%2F3%2F3187597.jpg&amp;w=640&amp;q=90 2x" src="/_next/image?url=https%3A%2F%2Fproductimages.coles.com.au%2Fproductimages%2F3%2F3187597.jpg&amp;w=640&amp;q=90" width="200" height="200" decoding="async" data-nimg="1" loading="lazy" style="color:transparent;height:auto;max-width:100%;max-height:100%"/></span></a></div><div class="product__message-title_area" aria-hidden="true"><div class="sc-94249bad-21 khMxyt product__link product__link__analytics product__link product__link__analytics" tabindex="-1"><h2 class="LinesEllipsis  product__title">Coles Lactose Free Lite Milk | 1L<wbr/></h2></div><span data-testid="every-day" class="sc-f4be1fe7-0 gXctFU product__badge product__badge"><span class="roundel-text every-day">EVERY DAY</span></span><div aria-hidden="true" class="product__pricing_area show-on-small-screen" data-testid="small-screen-pricing"><section class="sc-5fbea9b3-0 lcJbEb product__pricing product__pricing" data-testid="product_price"><div class="price"><span class="price__value" data-testid="product-pricing" aria-label="Price $3.10">$3.10</span><div class="sc-5fbea9b3-1 iTynCB"></div></div><div class="sc-79c0c972-0 jowmFP"><div class="price__calculation_method">$3.10 per 1L</div></div></section></div></div></header></div><div class="product__cta_section"><div aria-hidden="false" class="product__pricing_area hide-on-small-screen" data-testid="large-screen-pricing"><section class="sc-5fbea9b3-0 lcJbEb product__pricing product__pricing" data-testid="product_price"><div class="price"><span class="price__value" data-testid="product-pricing" aria-label="Price $3.10">$3.10</span><div class="sc-5fbea9b3-1 iTynCB"></div></div><div class="sc-79c0c972-0 jowmFP"><div class="price__calculation_method">$3.10 per 1L</div></div></section></div><div data-testid="product-tile-cta-content"><div class="unavailable-container hide-on-small-screen"><div aria-hidden="false" class="similar-product-unavailable hide-on-small-screen" data-testid="large-screen-similar-product-unavailable"></div></div><div class="sc-94249bad-7 hRRJpr product__lists_cta_wrapper" data-testid="product-lists-cta-wrapper"><div class="sc-94249bad-5 jLgRPd"><div data-testid="add-to-cart" class="sc-fa03433-0 kJRZNZ product__add_to_cart product__add_to_cart"><button data-testid="add-to-cart-button" aria-label="Add Coles Lactose Free Lite Milk to the trolley" class="sc-745d6c85-0 kXjmbO product-tiles-btn coles-targeting-ButtonButton button "><span aria-hidden="false" class="sc-d1851dcf-0 ivDnVb coles-targeting-ButtonButtonChildContainer"><svg focusable="false" xmlns="http://www.w3.org/2000/svg" width="24" height="24" viewBox="0 0 24 24"><g fill="none" fill-rule="evenodd"><path stroke="currentColor" stroke-linecap="round" stroke-linejoin="round" stroke-width="2" vector-effect="non-scaling-stroke" d="M8,22 C8.55228475,22 9,21.5522847 9,21 C9,20.4477153 8.55228475,20 8,20 C7.44771525,20 7,20.4477153 7,21 C7,21.5522847 7.44771525,22 8,22 Z M18,22 C18.5522847,22 19,21.5522847 19,21 C19,20.4477153 18.5522847,20 18,20 C17.4477153,20 17,20.4477153 17,21 C17,21.5522847 17.4477153,22 18,22 Z M2,3 L4.5,3 L6.68,14.39 C6.86873697,15.3402315 7.71138394,16.0185624 8.68,16 L17.4,16 C18.3686161,16.0185624 19.211263,15.3402315 19.4,14.39 L21,7 M13,12 L13,6 M10,9 L16,9"></path></g></svg>Add</span></button></div></div></div></div></div></section><section data-testid="product-tile" class="sc-94249bad-8 joBIZU coles-targeting-ProductTileProductTileWrapper"><div class="sc-500ab215-0 gdBZRm coles-targeting-ProductTileHat product-hat coles-targeting-ProductTileHat product-hat" data-testid="product-hat"></div><div tabindex="0" class="sc-94249bad-11 iHToZU coles-targeting-ProductTileHeaderWrapper"><header class="product__header"><div class="product__image_area"><a tabindex="-1" class="product__link product__image" aria-label="Coles Cheese Shredded Mozzarella | 250g" href="/product/coles-cheese-shredded-mozzarella-250g-9508026"><span class="sc-51f151be-0 irGhqP"><img alt="" data-testid="product-image" srcSet="/_next/image?url=https%3A%2F%2Fproductimages.coles.com.au%2Fproductimages%2F9%2F9508026.jpg&amp;w=256&amp;q=90 1x, /_next/image?url=https%3A%2F%2Fproductimages.coles.com.au%2Fproductimages%2F9%2F9508026.jpg&amp;w=640&amp;q=90 2x" src="/_next/image?url=https%3A%2F%2Fproductimages.coles.com.au%2Fproductimages%2F9%2F9508026.jpg&amp;w=640&amp;q=90" width="200" height="200" decoding="async" data-nimg="1" loading="lazy" style="color:transparent;height:auto;max-width:100%;max-height:100%"/></span></a></div><div class="product__message-title_area" aria-hidden="true"><div class="sc-94249bad-21 khMxyt product__link product__link__analytics product__link product__link__analytics" tabindex="-1"><h2 class="LinesEllipsis  product__title">Coles Cheese Shredded Mozzarella | 250g<wbr/></h2></div><div aria-hidden="true" class="product__pricing_area show-on-small-screen" data-testid="small-screen-pricing"><section class="sc-5fbea9b3-0 lcJbEb product__pricing product__pricing" data-testid="product_price"><div class="price"><span class="price__value" data-testid="product-pricing" aria-label="Price $4.90">$4.90</span><div class="sc-5fbea9b3-1 iTynCB"></div></div><div class="sc-79c0c972-0 jowmFP"><div class="price__calculation_method">$19.60 per 1kg</div></div></section></div></div></header></div><div class="product__cta_section"><div aria-hidden="false" class="product__pricing_area hide-on-small-screen" data-testid="large-screen-pricing"><section class="sc-5fbea9b3-0 lcJbEb product__pricing product__pricing" data-testid="product_price"><div class="price"><span class="price__value" data-testid="product-pricing" aria-label="Price $4.90">$4.90</span><div class="sc-5fbea9b3-1 iTynCB"></div></div><div class="sc-79c0c972-0 jowmFP"><div class="price__calculation_method">$19.60 per 1kg</div></div></section></div><div data-testid="product-tile-cta-content"><div class="unavailable-container hide-on-small-screen"><div aria-hidden="false" class="similar-product-unavailable hide-on-small-screen" data-testid="large-screen-similar-product-unavailable"></div></div><div class="sc-94249bad-7 hRRJpr product__lists_cta_wrapper" data-testid="product-lists-cta-wrapper"><div class="sc-94249bad-5 jLgRPd"><div data-testid="add-to-cart" class="sc-fa03433-0 kJRZNZ product__add_to_cart product__add_to_cart"><button data-testid="add-to-cart-button" aria-label="Add Coles Cheese Shredded Mozzarella to the trolley" class="sc-745d6c85-0 kXjmbO product-tiles-btn coles-targeting-ButtonButton button "><span aria-hidden="false" class="sc-d1851dcf-0 ivDnVb coles-targeting-ButtonButtonChildContainer"><svg focusable="false" xmlns="http://www.w3.org/2000/svg" width="24" height="24" viewBox="0 0 24 24"><g fill="none" fill-rule="evenodd"><path stroke="currentColor" stroke-linecap="round" stroke-linejoin="round" stroke-width="2" vector-effect="non-scaling-stroke" d="M8,22 C8.55228475,22 9,21.5522847 9,21 C9,20.4477153 8.55228475,20 8,20 C7.44771525,20 7,20.4477153 7,21 C7,21.5522847 7.44771525,22 8,22 Z M18,22 C18.5522847,22 19,21.5522847 19,21 C19,20.4477153 18.5522847,20 18,20 C17.4477153,20 17,20.4477153 17,21 C17,21.5522847 17.4477153,22 18,22 Z M2,3 L4.5,3 L6.68,14.39 C6.86873697,15.3402315 7.71138394,16.0185624 8.68,16 L17.4,16 C18.3686161,16.0185624 19.211263,15.3402315 19.4,14.39 L21,7 M13,12 L13,6 M10,9 L16,9"></path></g></svg>Add</span></button></div></div></div></div></div></section><section data-testid="product-tile" class="sc-94249bad-8 joBIZU coles-targeting-ProductTileProductTileWrapper"><div class="sc-500ab215-0 gdBZRm coles-targeting-ProductTileHat product-hat coles-targeting-ProductTileHat product-hat" data-testid="product-hat"></div><div tabindex="0" class="sc-94249bad-11 iHToZU coles-targeting-ProductTileHeaderWrapper"><header class="product__header"><div class="product__image_area"><a tabindex="-1" class="product__link product__image" aria-label="Devondale Light Milk | 3L" href="/product/devondale-light-milk-3l-1909952"><span class="sc-51f151be-0 irGhqP"><img alt="" data-testid="product-image" srcSet="/_next/image?url=https%3A%2F%2Fproductimages.coles.com.au%2Fproductimages%2F1%2F1909952.jpg&amp;w=256&amp;q=90 1x, /_next/image?url=https%3A%2F%2Fproductimages.coles.com.au%2Fproductimages%2F1%2F1909952.jpg&amp;w=640&amp;q=90 2x" src="/_next/image?url=https%3A%2F%2Fproductimages.coles.com.au%2Fproductimages%2F1%2F1909952.jpg&amp;w=640&amp;q=90" width="200" height="200" decoding="async" data-nimg="1" loading="lazy" style="color:transparent;height:auto;max-width:100%;max-height:100%"/></span></a></div><div class="product__message-title_area" aria-hidden="true"><div class="sc-94249bad-21 khMxyt product__link product__link__analytics product__link product__link__analytics" tabindex="-1"><h2 class="LinesEllipsis  product__title">Devondale Light Milk | 3L<wbr/></h2></div><div aria-hidden="true" class="product__pricing_area show-on-small-screen" data-testid="small-screen-pricing"><section class="sc-5fbea9b3-0 lcJbEb product__pricing product__pricing" data-testid="product_price"><div class="price"><span class="price__value" data-testid="product-pricing" aria-label="Price $5.95">$5.95</span><div class="sc-5fbea9b3-1 iTynCB"></div></div><div class="sc-79c0c972-0 jowmFP"><div class="price__calculation_method">$1.98 per 1L</div></div></section></div></div></header></div><div class="product__cta_section"><div aria-hidden="false" class="product__pricing_area hide-on-small-screen" data-testid="large-screen-pricing"><section class="sc-5fbea9b3-0 lcJbEb product__pricing product__pricing" data-testid="product_price"><div class="price"><span class="price__value" data-testid="product-pricing" aria-label="Price $5.95">$5.95</span><div class="sc-5fbea9b3-1 iTynCB"></div></div><div class="sc-79c0c972-0 jowmFP"><div class="price__calculation_method">$1.98 per 1L</div></div></section></div><div data-testid="product-tile-cta-content"><div class="unavailable-container hide-on-small-screen"><div aria-hidden="false" class="similar-product-unavailable hide-on-small-screen" data-testid="large-screen-similar-product-unavailable"></div></div><div class="sc-94249bad-7 hRRJpr product__lists_cta_wrapper" data-testid="product-lists-cta-wrapper"><div class="sc-94249bad-5 jLgRPd"><div data-testid="add-to-cart" class="sc-fa03433-0 kJRZNZ product__add_to_cart product__add_to_cart"><button data-testid="add-to-cart-button" aria-label="Add Devondale Light Milk to the trolley" class="sc-745d6c85-0 kXjmbO product-tiles-btn coles-targeting-ButtonButton button "><span aria-hidden="false" class="sc-d1851dcf-0 ivDnVb coles-targeting-ButtonButtonChildContainer"><svg focusable="false" xmlns="http://www.w3.org/2000/svg" width="24" height="24" viewBox="0 0 24 24"><g fill="none" fill-rule="evenodd"><path stroke="currentColor" stroke-linecap="round" stroke-linejoin="round" stroke-width="2" vector-effect="non-scaling-stroke" d="M8,22 C8.55228475,22 9,21.5522847 9,21 C9,20.4477153 8.55228475,20 8,20 C7.44771525,20 7,20.4477153 7,21 C7,21.5522847 7.44771525,22 8,22 Z M18,22 C18.5522847,22 19,21.5522847 19,21 C19,20.4477153 18.5522847,20 18,20 C17.4477153,20 17,20.4477153 17,21 C17,21.5522847 17.4477153,22 18,22 Z M2,3 L4.5,3 L6.68,14.39 C6.86873697,15.3402315 7.71138394,16.0185624 8.68,16 L17.4,16 C18.3686161,16.0185624 19.211263,15.3402315 19.4,14.39 L21,7 M13,12 L13,6 M10,9 L16,9"></path></g></svg>Add</span></button></div></div></div></div></div></section><section data-testid="product-tile" class="sc-94249bad-8 joBIZU coles-targeting-ProductTileProductTileWrapper"><div class="sc-500ab215-0 gdBZRm coles-targeting-ProductTileHat product-hat coles-targeting-ProductTileHat product-hat" data-testid="product-hat"></div><div tabindex="0" class="sc-94249bad-11 iHToZU coles-targeting-ProductTileHeaderWrapper"><header class="product__header"><div class="product__image_area"><a tabindex="-1" class="product__link product__image" aria-label="Pauls Zymil Low Fat Milk | 2L" href="/product/pauls-zymil-low-fat-milk-2l-1902465"><span class="sc-51f151be-0 irGhqP"><img alt="" data-testid="product-image" srcSet="/_next/image?url=https%3A%2F%2Fproductimages.coles.com.au%2Fproductimages%2F1%2F1902465.jpg&amp;w=256&amp;q=90 1x, /_next/image?url=https%3A%2F%2Fproductimages.coles.com.au%2Fproductimages%2F1%2F1902465.jpg&amp;w=640&amp;q=90 2x" src="/_next/image?url=https%3A%2F%2Fproductimages.coles.com.au%2Fproductimages%2F1%2F1902465.jpg&amp;w=640&amp;q=90" width="200" height="200" decoding="async" data-nimg="1" loading="lazy" style="color:transparent;height:auto;max-width:100%;max-height:100%"/></span></a></div><div class="product__message-title_area" aria-hidden="true"><div class="sc-94249bad-21 khMxyt product__link product__link__analytics product__link product__link__analytics" tabindex="-1"><h2 class="LinesEllipsis  product__title">Pauls Zymil Low Fat Milk | 2L<wbr/></h2></div><div aria-hidden="true" class="product__pricing_area show-on-small-screen" data-testid="small-screen-pricing"><section class="sc-5fbea9b3-0 lcJbEb product__pricing product__pricing" data-testid="product_price"><div class="price"><span class="price__value" data-testid="product-pricing" aria-label="Price $6.80">$6.80</span><div class="sc-5fbea9b3-1 iTynCB"></div></div><div class="sc-79c0c972-0 jowmFP"><div class="price__calculation_method">$3.40 per 1L</div></div></section></div></div></header></div><div class="product__cta_section"><div aria-hidden="false" class="product__pricing_area hide-on-small-screen" data-testid="large-screen-pricing"><section class="sc-5fbea9b3-0 lcJbEb product__pricing product__pricing" data-testid="product_price"><div class="price"><span class="price__value" data-testid="product-pricing" aria-label="Price $6.80">$6.80</span><div class="sc-5fbea9b3-1 iTynCB"></div></div><div class="sc-79c0c972-0 jowmFP"><div class="price__calculation_method">$3.40 per 1L</div></div></section></div><div data-testid="product-tile-cta-content"><div class="unavailable-container hide-on-small-screen"><div aria-hidden="false" class="similar-product-unavailable hide-on-small-screen" data-testid="large-screen-similar-product-unavailable"></div></div><div class="sc-94249bad-7 hRRJpr product__lists_cta_wrapper" data-testid="product-lists-cta-wrapper"><div class="sc-94249bad-5 jLgRPd"><div data-testid="add-to-cart" class="sc-fa03433-0 kJRZNZ product__add_to_cart product__add_to_cart"><button data-testid="add-to-cart-button" aria-label="Add Pauls Zymil Low Fat Milk to the trolley" class="sc-745d6c85-0 kXjmbO product-tiles-btn coles-targeting-ButtonButton button "><span aria-hidden="false" class="sc-d1851dcf-0 ivDnVb coles-targeting-ButtonButtonChildContainer"><svg focusable="false" xmlns="http://www.w3.org/2000/svg" width="24" height="24" viewBox="0 0 24 24"><g fill="none" fill-rule="evenodd"><path stroke="currentColor" stroke-linecap="round" stroke-linejoin="round" stroke-width="2" vector-effect="non-scaling-stroke" d="M8,22 C8.55228475,22 9,21.5522847 9,21 C9,20.4477153 8.55228475,20 8,20 C7.44771525,20 7,20.4477153 7,21 C7,21.5522847 7.44771525,22 8,22 Z M18,22 C18.5522847,22 19,21.5522847 19,21 C19,20.4477153 18.5522847,20 18,20 C17.4477153,20 17,20.4477153 17,21 C17,21.5522847 17.4477153,22 18,22 Z M2,3 L4.5,3 L6.68,14.39 C6.86873697,15.3402315 7.71138394,16.0185624 8.68,16 L17.4,16 C18.3686161,16.0185624 19.211263,15.3402315 19.4,14.39 L21,7 M13,12 L13,6 M10,9 L16,9"></path></g></svg>Add</span></button></div></div></div></div></div></section><section data-testid="product-tile" class="sc-94249bad-8 hQizZu coles-targeting-ProductTileProductTileWrapper"><div class="sc-500ab215-0 gdBZRm coles-targeting-ProductTileHat product-hat is-special coles-targeting-ProductTileHat product-hat is-special" data-testid="product-hat">Special</div><div tabindex="0" class="sc-94249bad-11 iHToZU coles-targeting-ProductTileHeaderWrapper"><header class="product__header"><div class="product__image_area"><a tabindex="-1" class="product__link product__image" aria-label="Tamar Valley Kids Natural Greek Tropical Yoghurt Pouch | 110g" href="/product/tamar-valley-kids-natural-greek-tropical-yoghurt-pouch-110g-2744360"><span class="sc-51f151be-0 irGhqP"><img alt="" data-testid="product-image" srcSet="/_next/image?url=https%3A%2F%2Fproductimages.coles.com.au%2Fproductimages%2F2%2F2744360.jpg&amp;w=256&amp;q=90 1x, /_next/image?url=https%3A%2F%2Fproductimages.coles.com.au%2Fproductimages%2F2%2F2744360.jpg&amp;w=640&amp;q=90 2x" src="/_next/image?url=https%3A%2F%2Fproductimages.coles.com.au%2Fproductimages%2F2%2F2744360.jpg&amp;w=640&amp;q=90" width="200" height="200" decoding="async" data-nimg="1" loading="lazy" style="color:transparent;height:auto;max-width:100%;max-height:100%"/></span></a></div><div class="product__message-title_area" aria-hidden="true"><div class="sc-94249bad-21 khMxyt product__link product__link__analytics product__link product__link__analytics" tabindex="-1"><h2 class="LinesEllipsis  product__title">Tamar Valley Kids Natural Greek Tropical Yoghurt Pouch | 110g<wbr/></h2></div><span data-testid="multi_save" class="sc-f4be1fe7-0 hjCQAH product__badge product__badge"><span class="roundel-text multi_save">SPECIAL</span></span><div aria-hidden="true" class="product__pricing_area show-on-small-screen" data-testid="small-screen-pricing"><section class="sc-5fbea9b3-0 lcJbEb product__pricing product__pricing" data-testid="product_price"><div class="price"><span class="price__value" data-testid="product-pricing" aria-label="Price $2.40">$2.40</span><div class="sc-5fbea9b3-1 iTynCB"></div></div><div class="sc-79c0c972-0 jowmFP"><div class="price__calculation_method">$2.18 per 100g</div></div></section><div class="sc-94249bad-16 BfoYV coles-targeting-ProductTileMultiBuyContainer"><div class="product__offers_description" data-testid="offers"><span class="product_promotion complex"><button data-testid="complex-promotion-link" class="sc-856ff560-0 sc-856ff560-1 sc-b5a96ce8-1 jGROiw gVzeRG jEONlN coles-targeting-LinkLinkInternal link coles-targeting-LinkLinkInternal link coles-targeting-LinkLinkInternal link coles-targeting-LinkLinkInternal link" tabindex="0" target="">Pick any 5 for $10</button></span></div></div></div></div></header></div><div class="product__cta_section"><div aria-hidden="false" class="product__pricing_area hide-on-small-screen" data-testid="large-screen-pricing"><section class="sc-5fbea9b3-0 lcJbEb product__pricing product__pricing" data-testid="product_price"><div class="price"><span class="price__value" data-testid="product-pricing" aria-label="Price $2.40">$2.40</span><div class="sc-5fbea9b3-1 iTynCB"></div></div><div class="sc-79c0c972-0 jowmFP"><div class="price__calculation_method">$2.18 per 100g</div></div></section><div class="sc-94249bad-16 BfoYV coles-targeting-ProductTileMultiBuyContainer"><div class="product__offers_description" data-testid="offers"><span class="product_promotion complex"><button data-testid="complex-promotion-link" class="sc-856ff560-0 sc-856ff560-1 sc-b5a96ce8-1 jGROiw gVzeRG jEONlN coles-targeting-LinkLinkInternal link coles-targeting-LinkLinkInternal link coles-targeting-LinkLinkInternal link coles-targeting-LinkLinkInternal link" tabindex="0" target="">Pick any 5 for $10</button></span></div></div></div><div data-testid="product-tile-cta-content"><div class="unavailable-container hide-on-small-screen"><div aria-hidden="false" class="similar-product-unavailable hide-on-small-screen" data-testid="large-screen-similar-product-unavailable"></div></div><div class="sc-94249bad-7 hRRJpr product__lists_cta_wrapper" data-testid="product-lists-cta-wrapper"><div class="sc-94249bad-5 jLgRPd"><div data-testid="add-to-cart" class="sc-fa03433-0 kJRZNZ product__add_to_cart product__add_to_cart"><button data-testid="add-to-cart-button" aria-label="Add Tamar Valley Kids Natural Greek Tropical Yoghurt Pouch to the trolley" class="sc-745d6c85-0 kXjmbO product-tiles-btn coles-targeting-ButtonButton button "><span aria-hidden="false" class="sc-d1851dcf-0 ivDnVb coles-targeting-ButtonButtonChildContainer"><svg focusable="false" xmlns="http://www.w3.org/2000/svg" width="24" height="24" viewBox="0 0 24 24"><g fill="none" fill-rule="evenodd"><path stroke="currentColor" stroke-linecap="round" stroke-linejoin="round" stroke-width="2" vector-effect="non-scaling-stroke" d="M8,22 C8.55228475,22 9,21.5522847 9,21 C9,20.4477153 8.55228475,20 8,20 C7.44771525,20 7,20.4477153 7,21 C7,21.5522847 7.44771525,22 8,22 Z M18,22 C18.5522847,22 19,21.5522847 19,21 C19,20.4477153 18.5522847,20 18,20 C17.4477153,20 17,20.4477153 17,21 C17,21.5522847 17.4477153,22 18,22 Z M2,3 L4.5,3 L6.68,14.39 C6.86873697,15.3402315 7.71138394,16.0185624 8.68,16 L17.4,16 C18.3686161,16.0185624 19.211263,15.3402315 19.4,14.39 L21,7 M13,12 L13,6 M10,9 L16,9"></path></g></svg>Add</span></button></div></div></div></div></div></section><section data-testid="product-tile" class="sc-94249bad-8 joBIZU coles-targeting-ProductTileProductTileWrapper"><div class="sc-500ab215-0 gdBZRm coles-targeting-ProductTileHat product-hat coles-targeting-ProductTileHat product-hat" data-testid="product-hat"></div><div tabindex="0" class="sc-94249bad-11 iHToZU coles-targeting-ProductTileHeaderWrapper"><header class="product__header"><div class="product__image_area"><a tabindex="-1" class="product__link product__image" aria-label="Primo Short Cut Bacon | 200g" href="/product/primo-short-cut-bacon-200g-4260568"><span class="sc-51f151be-0 irGhqP"><img alt="" data-testid="product-image" srcSet="/_next/image?url=https%3A%2F%2Fproductimages.coles.com.au%2Fproductimages%2F4%2F4260568.jpg&amp;w=256&amp;q=90 1x, /_next/image?url=https%3A%2F%2Fproductimages.coles.com.au%2Fproductimages%2F4%2F4260568.jpg&amp;w=640&amp;q=90 2x" src="/_next/image?url=https%3A%2F%2Fproductimages.coles.com.au%2Fproductimages%2F4%2F4260568.jpg&amp;w=640&amp;q=90" width="200" height="200" decoding="async" data-nimg="1" loading="lazy" style="color:transparent;height:auto;max-width:100%;max-height:100%"/></span></a></div><div class="product__message-title_area" aria-hidden="true"><div class="sc-94249bad-21 khMxyt product__link product__link__analytics product__link product__link__analytics" tabindex="-1"><h2 class="LinesEllipsis  product__title">Primo Short Cut Bacon | 200g<wbr/></h2></div><div aria-hidden="true" class="product__pricing_area show-on-small-screen" data-testid="small-screen-pricing"><section class="sc-5fbea9b3-0 lcJbEb product__pricing product__pricing" data-testid="product_price"><div class="price"><span class="price__value" data-testid="product-pricing" aria-label="Price $6.80">$6.80</span><div class="sc-5fbea9b3-1 iTynCB"></div></div><div class="sc-79c0c972-0 jowmFP"><div class="price__calculation_method">$34.00 per 1kg</div></div></section></div></div></header></div><div class="product__cta_section"><div aria-hidden="false" class="product__pricing_area hide-on-small-screen" data-testid="large-screen-pricing"><section class="sc-5fbea9b3-0 lcJbEb product__pricing product__pricing" data-testid="product_price"><div class="price"><span class="price__value" data-testid="product-pricing" aria-label="Price $6.80">$6.80</span><div class="sc-5fbea9b3-1 iTynCB"></div></div><div class="sc-79c0c972-0 jowmFP"><div class="price__calculation_method">$34.00 per 1kg</div></div></section></div><div data-testid="product-tile-cta-content"><div class="unavailable-container hide-on-small-screen"><div aria-hidden="false" class="similar-product-unavailable hide-on-small-screen" data-testid="large-screen-similar-product-unavailable"></div></div><div class="sc-94249bad-7 hRRJpr product__lists_cta_wrapper" data-testid="product-lists-cta-wrapper"><div class="sc-94249bad-5 jLgRPd"><div data-testid="add-to-cart" class="sc-fa03433-0 kJRZNZ product__add_to_cart product__add_to_cart"><button data-testid="add-to-cart-button" aria-label="Add Primo Short Cut Bacon to the trolley" class="sc-745d6c85-0 kXjmbO product-tiles-btn coles-targeting-ButtonButton button "><span aria-hidden="false" class="sc-d1851dcf-0 ivDnVb coles-targeting-ButtonButtonChildContainer"><svg focusable="false" xmlns="http://www.w3.org/2000/svg" width="24" height="24" viewBox="0 0 24 24"><g fill="none" fill-rule="evenodd"><path stroke="currentColor" stroke-linecap="round" stroke-linejoin="round" stroke-width="2" vector-effect="non-scaling-stroke" d="M8,22 C8.55228475,22 9,21.5522847 9,21 C9,20.4477153 8.55228475,20 8,20 C7.44771525,20 7,20.4477153 7,21 C7,21.5522847 7.44771525,22 8,22 Z M18,22 C18.5522847,22 19,21.5522847 19,21 C19,20.4477153 18.5522847,20 18,20 C17.4477153,20 17,20.4477153 17,21 C17,21.5522847 17.4477153,22 18,22 Z M2,3 L4.5,3 L6.68,14.39 C6.86873697,15.3402315 7.71138394,16.0185624 8.68,16 L17.4,16 C18.3686161,16.0185624 19.211263,15.3402315 19.4,14.39 L21,7 M13,12 L13,6 M10,9 L16,9"></path></g></svg>Add</span></button></div></div></div></div></div></section><section data-testid="product-tile" class="sc-94249bad-8 hQizZu coles-targeting-ProductTileProductTileWrapper"><div class="sc-500ab215-0 gdBZRm coles-targeting-ProductTileHat product-hat is-special coles-targeting-ProductTileHat product-hat is-special" data-testid="product-hat">Special</div><div tabindex="0" class="sc-94249bad-11 iHToZU coles-targeting-ProductTileHeaderWrapper"><header class="product__header"><div class="product__image_area"><a tabindex="-1" class="product__link product__image" aria-label="Vaalia Kids Vanilla Yoghurt Pouch | 140g" href="/product/vaalia-kids-vanilla-yoghurt-pouch-140g-7246869"><span class="sc-51f151be-0 irGhqP"><img alt="" data-testid="product-image" srcSet="/_next/image?url=https%3A%2F%2Fproductimages.coles.com.au%2Fproductimages%2F7%2F7246869.jpg&amp;w=256&amp;q=90 1x, /_next/image?url=https%3A%2F%2Fproductimages.coles.com.au%2Fproductimages%2F7%2F7246869.jpg&amp;w=640&amp;q=90 2x" src="/_next/image?url=https%3A%2F%2Fproductimages.coles.com.au%2Fproductimages%2F7%2F7246869.jpg&amp;w=640&amp;q=90" width="200" height="200" decoding="async" data-nimg="1" loading="lazy" style="color:transparent;height:auto;max-width:100%;max-height:100%"/></span></a></div><div class="product__message-title_area" aria-hidden="true"><div class="sc-94249bad-21 khMxyt product__link product__link__analytics product__link product__link__analytics" tabindex="-1"><h2 class="LinesEllipsis  product__title">Vaalia Kids Vanilla Yoghurt Pouch | 140g<wbr/></h2></div><span data-testid="multi_save" class="sc-f4be1fe7-0 hjCQAH product__badge product__badge"><span class="roundel-text multi_save">SPECIAL</span></span><div aria-hidden="true" class="product__pricing_area show-on-small-screen" data-testid="small-screen-pricing"><section class="sc-5fbea9b3-0 lcJbEb product__pricing product__pricing" data-testid="product_price"><div class="price"><span class="price__value" data-testid="product-pricing" aria-label="Price $2.40">$2.40</span><div class="sc-5fbea9b3-1 iTynCB"></div></div><div class="sc-79c0c972-0 jowmFP"><div class="price__calculation_method">$1.71 per 100g</div></div></section><div class="sc-94249bad-16 BfoYV coles-targeting-ProductTileMultiBuyContainer"><div class="product__offers_description" data-testid="offers"><span class="product_promotion complex"><button data-testid="complex-promotion-link" class="sc-856ff560-0 sc-856ff560-1 sc-b5a96ce8-1 jGROiw gVzeRG jEONlN coles-targeting-LinkLinkInternal link coles-targeting-LinkLinkInternal link coles-targeting-LinkLinkInternal link coles-targeting-LinkLinkInternal link" tabindex="0" target="">Pick any 5 for $10</button></span></div></div></div></div></header></div><div class="product__cta_section"><div aria-hidden="false" class="product__pricing_area hide-on-small-screen" data-testid="large-screen-pricing"><section class="sc-5fbea9b3-0 lcJbEb product__pricing product__pricing" data-testid="product_price"><div class="price"><span class="price__value" data-testid="product-pricing" aria-label="Price $2.40">$2.40</span><div class="sc-5fbea9b3-1 iTynCB"></div></div><div class="sc-79c0c972-0 jowmFP"><div class="price__calculation_method">$1.71 per 100g</div></div></section><div class="sc-94249bad-16 BfoYV coles-targeting-ProductTileMultiBuyContainer"><div class="product__offers_description" data-testid="offers"><span class="product_promotion complex"><button data-testid="complex-promotion-link" class="sc-856ff560-0 sc-856ff560-1 sc-b5a96ce8-1 jGROiw gVzeRG jEONlN coles-targeting-LinkLinkInternal link coles-targeting-LinkLinkInternal link coles-targeting-LinkLinkInternal link coles-targeting-LinkLinkInternal link" tabindex="0" target="">Pick any 5 for $10</button></span></div></div></div><div data-testid="product-tile-cta-content"><div class="unavailable-container hide-on-small-screen"><div aria-hidden="false" class="similar-product-unavailable hide-on-small-screen" data-testid="large-screen-similar-product-unavailable"></div></div><div class="sc-94249bad-7 hRRJpr product__lists_cta_wrapper" data-testid="product-lists-cta-wrapper"><div class="sc-94249bad-5 jLgRPd"><div data-testid="add-to-cart" class="sc-fa03433-0 kJRZNZ product__add_to_cart product__add_to_cart"><button data-testid="add-to-cart-button" aria-label="Add Vaalia Kids Vanilla Yoghurt Pouch to the trolley" class="sc-745d6c85-0 kXjmbO product-tiles-btn coles-targeting-ButtonButton button "><span aria-hidden="false" class="sc-d1851dcf-0 ivDnVb coles-targeting-ButtonButtonChildContainer"><svg focusable="false" xmlns="http://www.w3.org/2000/svg" width="24" height="24" viewBox="0 0 24 24"><g fill="none" fill-rule="evenodd"><path stroke="currentColor" stroke-linecap="round" stroke-linejoin="round" stroke-width="2" vector-effect="non-scaling-stroke" d="M8,22 C8.55228475,22 9,21.5522847 9,21 C9,20.4477153 8.55228475,20 8,20 C7.44771525,20 7,20.4477153 7,21 C7,21.5522847 7.44771525,22 8,22 Z M18,22 C18.5522847,22 19,21.5522847 19,21 C19,20.4477153 18.5522847,20 18,20 C17.4477153,20 17,20.4477153 17,21 C17,21.5522847 17.4477153,22 18,22 Z M2,3 L4.5,3 L6.68,14.39 C6.86873697,15.3402315 7.71138394,16.0185624 8.68,16 L17.4,16 C18.3686161,16.0185624 19.211263,15.3402315 19.4,14.39 L21,7 M13,12 L13,6 M10,9 L16,9"></path></g></svg>Add</span></button></div></div></div></div></div></section><section data-testid="product-tile" class="sc-94249bad-8 joBIZU coles-targeting-ProductTileProductTileWrapper"><div class="sc-500ab215-0 gdBZRm coles-targeting-ProductTileHat product-hat coles-targeting-ProductTileHat product-hat" data-testid="product-hat"></div><div tabindex="0" class="sc-94249bad-11 iHToZU coles-targeting-ProductTileHeaderWrapper"><header class="product__header"><div class="product__image_area"><a tabindex="-1" class="product__link product__image" aria-label="Devondale UHT Full Cream Multipack Milk 200mL | 6 pack" href="/product/devondale-uht-full-cream-multipack-milk-200ml-6-pack-5984520"><span class="sc-51f151be-0 irGhqP"><img alt="" data-testid="product-image" srcSet="/_next/image?url=https%3A%2F%2Fproductimages.coles.com.au%2Fproductimages%2F5%2F5984520.jpg&amp;w=256&amp;q=90 1x, /_next/image?url=https%3A%2F%2Fproductimages.coles.com.au%2Fproductimages%2F5%2F5984520.jpg&amp;w=640&amp;q=90 2x" src="/_next/image?url=https%3A%2F%2Fproductimages.coles.com.au%2Fproductimages%2F5%2F5984520.jpg&amp;w=640&amp;q=90" width="200" height="200" decoding="async" data-nimg="1" loading="lazy" style="color:transparent;height:auto;max-width:100%;max-height:100%"/></span></a></div><div class="product__message-title_area" aria-hidden="true"><div class="sc-94249bad-21 khMxyt product__link product__link__analytics product__link product__link__analytics" tabindex="-1"><h2 class="LinesEllipsis  product__title">Devondale UHT Full Cream Multipack Milk 200mL | 6 pack<wbr/></h2></div><div aria-hidden="true" class="product__pricing_area show-on-small-screen" data-testid="small-screen-pricing"><section class="sc-5fbea9b3-0 lcJbEb product__pricing product__pricing" data-testid="product_price"><div class="price"><span class="price__value" data-testid="product-pricing" aria-label="Price $6.00">$6.00</span><div class="sc-5fbea9b3-1 iTynCB"></div></div><div class="sc-79c0c972-0 jowmFP"><div class="price__calculation_method">$5.00 per 1L</div></div></section></div></div></header></div><div class="product__cta_section"><div aria-hidden="false" class="product__pricing_area hide-on-small-screen" data-testid="large-screen-pricing"><section class="sc-5fbea9b3-0 lcJbEb product__pricing product__pricing" data-testid="product_price"><div class="price"><span class="price__value" data-testid="product-pricing" aria-label="Price $6.00">$6.00</span><div class="sc-5fbea9b3-1 iTynCB"></div></div><div class="sc-79c0c972-0 jowmFP"><div class="price__calculation_method">$5.00 per 1L</div></div></section></div><div data-testid="product-tile-cta-content"><div class="unavailable-container hide-on-small-screen"><div aria-hidden="false" class="similar-product-unavailable hide-on-small-screen" data-testid="large-screen-similar-product-unavailable"></div></div><div class="sc-94249bad-7 hRRJpr product__lists_cta_wrapper" data-testid="product-lists-cta-wrapper"><div class="sc-94249bad-5 jLgRPd"><div data-testid="add-to-cart" class="sc-fa03433-0 kJRZNZ product__add_to_cart product__add_to_cart"><button data-testid="add-to-cart-button" aria-label="Add Devondale UHT Full Cream Multipack Milk 200mL to the trolley" class="sc-745d6c85-0 kXjmbO product-tiles-btn coles-targeting-ButtonButton button "><span aria-hidden="false" class="sc-d1851dcf-0 ivDnVb coles-targeting-ButtonButtonChildContainer"><svg focusable="false" xmlns="http://www.w3.org/2000/svg" width="24" height="24" viewBox="0 0 24 24"><g fill="none" fill-rule="evenodd"><path stroke="currentColor" stroke-linecap="round" stroke-linejoin="round" stroke-width="2" vector-effect="non-scaling-stroke" d="M8,22 C8.55228475,22 9,21.5522847 9,21 C9,20.4477153 8.55228475,20 8,20 C7.44771525,20 7,20.4477153 7,21 C7,21.5522847 7.44771525,22 8,22 Z M18,22 C18.5522847,22 19,21.5522847 19,21 C19,20.4477153 18.5522847,20 18,20 C17.4477153,20 17,20.4477153 17,21 C17,21.5522847 17.4477153,22 18,22 Z M2,3 L4.5,3 L6.68,14.39 C6.86873697,15.3402315 7.71138394,16.0185624 8.68,16 L17.4,16 C18.3686161,16.0185624 19.211263,15.3402315 19.4,14.39 L21,7 M13,12 L13,6 M10,9 L16,9"></path></g></svg>Add</span></button></div></div></div></div></div></section><section data-testid="product-tile" class="sc-94249bad-8 joBIZU coles-targeting-ProductTileProductTileWrapper"><div class="sc-500ab215-0 gdBZRm coles-targeting-ProductTileHat product-hat coles-targeting-ProductTileHat product-hat" data-testid="product-hat"></div><div tabindex="0" class="sc-94249bad-11 iHToZU coles-targeting-ProductTileHeaderWrapper"><header class="product__header"><div class="product__image_area"><a tabindex="-1" class="product__link product__image" aria-label="Don Footy Franks Skinless | 435g" href="/product/don-footy-franks-skinless-435g-5300282"><span class="sc-51f151be-0 irGhqP"><img alt="" data-testid="product-image" srcSet="/_next/image?url=https%3A%2F%2Fproductimages.coles.com.au%2Fproductimages%2F5%2F5300282.jpg&amp;w=256&amp;q=90 1x, /_next/image?url=https%3A%2F%2Fproductimages.coles.com.au%2Fproductimages%2F5%2F5300282.jpg&amp;w=640&amp;q=90 2x" src="/_next/image?url=https%3A%2F%2Fproductimages.coles.com.au%2Fproductimages%2F5%2F5300282.jpg&amp;w=640&amp;q=90" width="200" height="200" decoding="async" data-nimg="1" loading="lazy" style="color:transparent;height:auto;max-width:100%;max-height:100%"/></span></a></div><div class="product__message-title_area" aria-hidden="true"><div class="sc-94249bad-21 khMxyt product__link product__link__analytics product__link product__link__analytics" tabindex="-1"><h2 class="LinesEllipsis  product__title">Don Footy Franks Skinless | 435g<wbr/></h2></div><span data-testid="down-down" class="sc-f4be1fe7-0 gXctFU product__badge product__badge"><span class="roundel-text down-down">DOWN DOWN</span></span><div aria-hidden="true" class="product__pricing_area show-on-small-screen" data-testid="small-screen-pricing"><section class="sc-5fbea9b3-0 lcJbEb product__pricing product__pricing" data-testid="product_price"><div class="price"><span class="price__value" data-testid="product-pricing" aria-label="Price $6.00">$6.00</span><div class="sc-5fbea9b3-1 iTynCB"></div></div><div class="sc-79c0c972-0 jowmFP"><div class="price__calculation_method">$13.79 per 1kg<div class="price__was"><strong>Was $7.00 on Aug 2024</strong></div></div></div></section></div></div></header></div><div class="product__cta_section"><div aria-hidden="false" class="product__pricing_area hide-on-small-screen" data-testid="large-screen-pricing"><section class="sc-5fbea9b3-0 lcJbEb product__pricing product__pricing" data-testid="product_price"><div class="price"><span class="price__value" data-testid="product-pricing" aria-label="Price $6.00">$6.00</span><div class="sc-5fbea9b3-1 iTynCB"></div></div><div class="sc-79c0c972-0 jowmFP"><div class="price__calculation_method">$13.79 per 1kg<div class="price__was"><strong>Was $7.00 on Aug 2024</strong></div></div></div></section></div><div data-testid="product-tile-cta-content"><div class="unavailable-container hide-on-small-screen"><div aria-hidden="false" class="similar-product-unavailable hide-on-small-screen" data-testid="large-screen-similar-product-unavailable"></div></div><div class="sc-94249bad-7 hRRJpr product__lists_cta_wrapper" data-testid="product-lists-cta-wrapper"><div class="sc-94249bad-5 jLgRPd"><div data-testid="add-to-cart" class="sc-fa03433-0 kJRZNZ product__add_to_cart product__add_to_cart"><button data-testid="add-to-cart-button" aria-label="Add Don Footy Franks Skinless to the trolley" class="sc-745d6c85-0 kXjmbO product-tiles-btn coles-targeting-ButtonButton button "><span aria-hidden="false" class="sc-d1851dcf-0 ivDnVb coles-targeting-ButtonButtonChildContainer"><svg focusable="false" xmlns="http://www.w3.org/2000/svg" width="24" height="24" viewBox="0 0 24 24"><g fill="none" fill-rule="evenodd"><path stroke="currentColor" stroke-linecap="round" stroke-linejoin="round" stroke-width="2" vector-effect="non-scaling-stroke" d="M8,22 C8.55228475,22 9,21.5522847 9,21 C9,20.4477153 8.55228475,20 8,20 C7.44771525,20 7,20.4477153 7,21 C7,21.5522847 7.44771525,22 8,22 Z M18,22 C18.5522847,22 19,21.5522847 19,21 C19,20.4477153 18.5522847,20 18,20 C17.4477153,20 17,20.4477153 17,21 C17,21.5522847 17.4477153,22 18,22 Z M2,3 L4.5,3 L6.68,14.39 C6.86873697,15.3402315 7.71138394,16.0185624 8.68,16 L17.4,16 C18.3686161,16.0185624 19.211263,15.3402315 19.4,14.39 L21,7 M13,12 L13,6 M10,9 L16,9"></path></g></svg>Add</span></button></div></div></div></div></div></section><section data-testid="product-tile" class="sc-94249bad-8 joBIZU coles-targeting-ProductTileProductTileWrapper"><div class="sc-500ab215-0 gdBZRm coles-targeting-ProductTileHat product-hat coles-targeting-ProductTileHat product-hat" data-testid="product-hat"></div><div tabindex="0" class="sc-94249bad-11 iHToZU coles-targeting-ProductTileHeaderWrapper"><header class="product__header"><div class="product__image_area"><a tabindex="-1" class="product__link product__image" aria-label="Coles Cherry Bocconcini | 220g" href="/product/coles-cherry-bocconcini-220g-7781192"><span class="sc-51f151be-0 irGhqP"><img alt="" data-testid="product-image" srcSet="/_next/image?url=https%3A%2F%2Fproductimages.coles.com.au%2Fproductimages%2F7%2F7781192.jpg&amp;w=256&amp;q=90 1x, /_next/image?url=https%3A%2F%2Fproductimages.coles.com.au%2Fproductimages%2F7%2F7781192.jpg&amp;w=640&amp;q=90 2x" src="/_next/image?url=https%3A%2F%2Fproductimages.coles.com.au%2Fproductimages%2F7%2F7781192.jpg&amp;w=640&amp;q=90" width="200" height="200" decoding="async" data-nimg="1" loading="lazy" style="color:transparent;height:auto;max-width:100%;max-height:100%"/></span></a></div><div class="product__message-title_area" aria-hidden="true"><div class="sc-94249bad-21 khMxyt product__link product__link__analytics product__link product__link__analytics" tabindex="-1"><h2 class="LinesEllipsis  product__title">Coles Cherry Bocconcini | 220g<wbr/></h2></div><span data-testid="every-day" class="sc-f4be1fe7-0 gXctFU product__badge product__badge"><span class="roundel-text every-day">EVERY DAY</span></span><div aria-hidden="true" class="product__pricing_area show-on-small-screen" data-testid="small-screen-pricing"><section class="sc-5fbea9b3-0 lcJbEb product__pricing product__pricing" data-testid="product_price"><div class="price"><span class="price__value" data-testid="product-pricing" aria-label="Price $4.80">$4.80</span><div class="sc-5fbea9b3-1 iTynCB"></div></div><div class="sc-79c0c972-0 jowmFP"><div class="price__calculation_method">$21.82 per 1kg</div></div></section></div></div></header></div><div class="product__cta_section"><div aria-hidden="false" class="product__pricing_area hide-on-small-screen" data-testid="large-screen-pricing"><section class="sc-5fbea9b3-0 lcJbEb product__pricing product__pricing" data-testid="product_price"><div class="price"><span class="price__value" data-testid="product-pricing" aria-label="Price $4.80">$4.80</span><div class="sc-5fbea9b3-1 iTynCB"></div></div><div class="sc-79c0c972-0 jowmFP"><div class="price__calculation_method">$21.82 per 1kg</div></div></section></div><div data-testid="product-tile-cta-content"><div class="unavailable-container hide-on-small-screen"><div aria-hidden="false" class="similar-product-unavailable hide-on-small-screen" data-testid="large-screen-similar-product-unavailable"></div></div><div class="sc-94249bad-7 hRRJpr product__lists_cta_wrapper" data-testid="product-lists-cta-wrapper"><div class="sc-94249bad-5 jLgRPd"><div data-testid="add-to-cart" class="sc-fa03433-0 kJRZNZ product__add_to_cart product__add_to_cart"><button data-testid="add-to-cart-button" aria-label="Add Coles Cherry Bocconcini to the trolley" class="sc-745d6c85-0 kXjmbO product-tiles-btn coles-targeting-ButtonButton button "><span aria-hidden="false" class="sc-d1851dcf-0 ivDnVb coles-targeting-ButtonButtonChildContainer"><svg focusable="false" xmlns="http://www.w3.org/2000/svg" width="24" height="24" viewBox="0 0 24 24"><g fill="none" fill-rule="evenodd"><path stroke="currentColor" stroke-linecap="round" stroke-linejoin="round" stroke-width="2" vector-effect="non-scaling-stroke" d="M8,22 C8.55228475,22 9,21.5522847 9,21 C9,20.4477153 8.55228475,20 8,20 C7.44771525,20 7,20.4477153 7,21 C7,21.5522847 7.44771525,22 8,22 Z M18,22 C18.5522847,22 19,21.5522847 19,21 C19,20.4477153 18.5522847,20 18,20 C17.4477153,20 17,20.4477153 17,21 C17,21.5522847 17.4477153,22 18,22 Z M2,3 L4.5,3 L6.68,14.39 C6.86873697,15.3402315 7.71138394,16.0185624 8.68,16 L17.4,16 C18.3686161,16.0185624 19.211263,15.3402315 19.4,14.39 L21,7 M13,12 L13,6 M10,9 L16,9"></path></g></svg>Add</span></button></div></div></div></div></div></section><section data-testid="product-tile" class="sc-94249bad-8 joBIZU coles-targeting-ProductTileProductTileWrapper"><div class="sc-500ab215-0 gdBZRm coles-targeting-ProductTileHat product-hat coles-targeting-ProductTileHat product-hat" data-testid="product-hat"></div><div tabindex="0" class="sc-94249bad-11 iHToZU coles-targeting-ProductTileHeaderWrapper"><header class="product__header"><div class="product__image_area"><a tabindex="-1" class="product__link product__image" aria-label="Farmhouse Gold Organic Milk | 1.5L" href="/product/farmhouse-gold-organic-milk-1.5l-3187633"><span class="sc-51f151be-0 irGhqP"><img alt="" data-testid="product-image" srcSet="/_next/image?url=https%3A%2F%2Fproductimages.coles.com.au%2Fproductimages%2F3%2F3187633.jpg&amp;w=256&amp;q=90 1x, /_next/image?url=https%3A%2F%2Fproductimages.coles.com.au%2Fproductimages%2F3%2F3187633.jpg&amp;w=640&amp;q=90 2x" src="/_next/image?url=https%3A%2F%2Fproductimages.coles.com.au%2Fproductimages%2F3%2F3187633.jpg&amp;w=640&amp;q=90" width="200" height="200" decoding="async" data-nimg="1" loading="lazy" style="color:transparent;height:auto;max-width:100%;max-height:100%"/></span></a></div><div class="product__message-title_area" aria-hidden="true"><div class="sc-94249bad-21 khMxyt product__link product__link__analytics product__link product__link__analytics" tabindex="-1"><h2 class="LinesEllipsis  product__title">Farmhouse Gold Organic Milk | 1.5L<wbr/></h2></div><span data-testid="every-day" class="sc-f4be1fe7-0 gXctFU product__badge product__badge"><span class="roundel-text every-day">EVERY DAY</span></span><div aria-hidden="true" class="product__pricing_area show-on-small-screen" data-testid="small-screen-pricing"><section class="sc-5fbea9b3-0 lcJbEb product__pricing product__pricing" data-testid="product_price"><div class="price"><span class="price__value" data-testid="product-pricing" aria-label="Price $5.50">$5.50</span><div class="sc-5fbea9b3-1 iTynCB"></div></div><div class="sc-79c0c972-0 jowmFP"><div class="price__calculation_method">$3.67 per 1L</div></div></section></div></div></header></div><div class="product__cta_section"><div aria-hidden="false" class="product__pricing_area hide-on-small-screen" data-testid="large-screen-pricing"><section class="sc-5fbea9b3-0 lcJbEb product__pricing product__pricing" data-testid="product_price"><div class="price"><span class="price__value" data-testid="product-pricing" aria-label="Price $5.50">$5.50</span><div class="sc-5fbea9b3-1 iTynCB"></div></div><div class="sc-79c0c972-0 jowmFP"><div class="price__calculation_method">$3.67 per 1L</div></div></section></div><div data-testid="product-tile-cta-content"><div class="unavailable-container hide-on-small-screen"><div aria-hidden="false" class="similar-product-unavailable hide-on-small-screen" data-testid="large-screen-similar-product-unavailable"></div></div><div class="sc-94249bad-7 hRRJpr product__lists_cta_wrapper" data-testid="product-lists-cta-wrapper"><div class="sc-94249bad-5 jLgRPd"><div data-testid="add-to-cart" class="sc-fa03433-0 kJRZNZ product__add_to_cart product__add_to_cart"><button data-testid="add-to-cart-button" aria-label="Add Farmhouse Gold Organic Milk to the trolley" class="sc-745d6c85-0 kXjmbO product-tiles-btn coles-targeting-ButtonButton button "><span aria-hidden="false" class="sc-d1851dcf-0 ivDnVb coles-targeting-ButtonButtonChildContainer"><svg focusable="false" xmlns="http://www.w3.org/2000/svg" width="24" height="24" viewBox="0 0 24 24"><g fill="none" fill-rule="evenodd"><path stroke="currentColor" stroke-linecap="round" stroke-linejoin="round" stroke-width="2" vector-effect="non-scaling-stroke" d="M8,22 C8.55228475,22 9,21.5522847 9,21 C9,20.4477153 8.55228475,20 8,20 C7.44771525,20 7,20.4477153 7,21 C7,21.5522847 7.44771525,22 8,22 Z M18,22 C18.5522847,22 19,21.5522847 19,21 C19,20.4477153 18.5522847,20 18,20 C17.4477153,20 17,20.4477153 17,21 C17,21.5522847 17.4477153,22 18,22 Z M2,3 L4.5,3 L6.68,14.39 C6.86873697,15.3402315 7.71138394,16.0185624 8.68,16 L17.4,16 C18.3686161,16.0185624 19.211263,15.3402315 19.4,14.39 L21,7 M13,12 L13,6 M10,9 L16,9"></path></g></svg>Add</span></button></div></div></div></div></div></section><section data-testid="product-tile" class="sc-94249bad-8 joBIZU coles-targeting-ProductTileProductTileWrapper"><div class="sc-500ab215-0 gdBZRm coles-targeting-ProductTileHat product-hat is-special coles-targeting-ProductTileHat product-hat is-special" data-testid="product-hat">Special</div><div tabindex="0" class="sc-94249bad-11 iHToZU coles-targeting-ProductTileHeaderWrapper"><header class="product__header"><div class="product__image_area"><a tabindex="-1" class="product__link product__image" aria-label="Tamar Valley The Creamery Yoghurt Strawberries &amp; Cream | 170g" href="/product/tamar-valley-the-creamery-yoghurt-strawberries-and-cream-170g-4344497"><span class="sc-51f151be-0 irGhqP"><img alt="" data-testid="product-image" srcSet="/_next/image?url=https%3A%2F%2Fproductimages.coles.com.au%2Fproductimages%2F4%2F4344497.jpg&amp;w=256&amp;q=90 1x, /_next/image?url=https%3A%2F%2Fproductimages.coles.com.au%2Fproductimages%2F4%2F4344497.jpg&amp;w=640&amp;q=90 2x" src="/_next/image?url=https%3A%2F%2Fproductimages.coles.com.au%2Fproductimages%2F4%2F4344497.jpg&amp;w=640&amp;q=90" width="200" height="200" decoding="async" data-nimg="1" loading="lazy" style="color:transparent;height:auto;max-width:100%;max-height:100%"/></span></a></div><div class="product__message-title_area" aria-hidden="true"><div class="sc-94249bad-21 khMxyt product__link product__link__analytics product__link product__link__analytics" tabindex="-1"><h2 class="LinesEllipsis  product__title">Tamar Valley The Creamery Yoghurt Strawberries &amp; Cream | 170g<wbr/></h2></div><span data-testid="simple-fixed-price-specials" class="sc-f4be1fe7-0 fFgzur product__badge product__badge"><span class="roundel-text simple-fixed-price-specials is-half-price">1/2</span><span class="roundel-adornment simple-fixed-price-specials is-half-price"><span></span>PRICE<span></span></span></span><div aria-hidden="true" class="product__pricing_area show-on-small-screen" data-testid="small-screen-pricing"><section class="sc-5fbea9b3-0 lcJbEb product__pricing product__pricing" data-testid="product_price"><div class="price"><span class="price__value" data-testid="product-pricing" aria-label="Price $1.45">$1.45</span><span data-testid="badge-wrapper" type="savings" class="sc-54c91287-0 ixaypx badge is-small badge is-small"><section aria-label="" class="badge-label">Save $1.45</section></span><div class="sc-5fbea9b3-1 iTynCB"></div></div><div class="sc-79c0c972-0 jowmFP"><div class="price__calculation_method">$0.85 per 100g<span class="price__was"> | Was $2.90</span></div></div></section></div></div></header></div><div class="product__cta_section"><div aria-hidden="false" class="product__pricing_area hide-on-small-screen" data-testid="large-screen-pricing"><section class="sc-5fbea9b3-0 lcJbEb product__pricing product__pricing" data-testid="product_price"><div class="price"><span class="price__value" data-testid="product-pricing" aria-label="Price $1.45">$1.45</span><span data-testid="badge-wrapper" type="savings" class="sc-54c91287-0 ixaypx badge is-small badge is-small"><section aria-label="" class="badge-label">Save $1.45</section></span><div class="sc-5fbea9b3-1 iTynCB"></div></div><div class="sc-79c0c972-0 jowmFP"><div class="price__calculation_method">$0.85 per 100g<span class="price__was"> | Was $2.90</span></div></div></section></div><div data-testid="product-tile-cta-content"><div class="unavailable-container hide-on-small-screen"><div aria-hidden="false" class="similar-product-unavailable hide-on-small-screen" data-testid="large-screen-similar-product-unavailable"></div></div><div class="sc-94249bad-7 hRRJpr product__lists_cta_wrapper" data-testid="product-lists-cta-wrapper"><div class="sc-94249bad-5 jLgRPd"><div data-testid="add-to-cart" class="sc-fa03433-0 kJRZNZ product__add_to_cart product__add_to_cart"><button data-testid="add-to-cart-button" aria-label="Add Tamar Valley The Creamery Yoghurt Strawberries &amp; Cream to the trolley" class="sc-745d6c85-0 kXjmbO product-tiles-btn coles-targeting-ButtonButton button "><span aria-hidden="false" class="sc-d1851dcf-0 ivDnVb coles-targeting-ButtonButtonChildContainer"><svg focusable="false" xmlns="http://www.w3.org/2000/svg" width="24" height="24" viewBox="0 0 24 24"><g fill="none" fill-rule="evenodd"><path stroke="currentColor" stroke-linecap="round" stroke-linejoin="round" stroke-width="2" vector-effect="non-scaling-stroke" d="M8,22 C8.55228475,22 9,21.5522847 9,21 C9,20.4477153 8.55228475,20 8,20 C7.44771525,20 7,20.4477153 7,21 C7,21.5522847 7.44771525,22 8,22 Z M18,22 C18.5522847,22 19,21.5522847 19,21 C19,20.4477153 18.5522847,20 18,20 C17.4477153,20 17,20.4477153 17,21 C17,21.5522847 17.4477153,22 18,22 Z M2,3 L4.5,3 L6.68,14.39 C6.86873697,15.3402315 7.71138394,16.0185624 8.68,16 L17.4,16 C18.3686161,16.0185624 19.211263,15.3402315 19.4,14.39 L21,7 M13,12 L13,6 M10,9 L16,9"></path></g></svg>Add</span></button></div></div></div></div></div></section><section data-testid="product-tile" class="sc-94249bad-8 joBIZU coles-targeting-ProductTileProductTileWrapper"><div class="sc-500ab215-0 gdBZRm coles-targeting-ProductTileHat product-hat coles-targeting-ProductTileHat product-hat" data-testid="product-hat"></div><div tabindex="0" class="sc-94249bad-11 iHToZU coles-targeting-ProductTileHeaderWrapper"><header class="product__header"><div class="product__image_area"><a tabindex="-1" class="product__link product__image" aria-label="Coles Spicy Capsicum Dip | 200g" href="/product/coles-spicy-capsicum-dip-200g-8587253"><span class="sc-51f151be-0 irGhqP"><img alt="" data-testid="product-image" srcSet="/_next/image?url=https%3A%2F%2Fproductimages.coles.com.au%2Fproductimages%2F8%2F8587253.jpg&amp;w=256&amp;q=90 1x, /_next/image?url=https%3A%2F%2Fproductimages.coles.com.au%2Fproductimages%2F8%2F8587253.jpg&amp;w=640&amp;q=90 2x" src="/_next/image?url=https%3A%2F%2Fproductimages.coles.com.au%2Fproductimages%2F8%2F8587253.jpg&amp;w=640&amp;q=90" width="200" height="200" decoding="async" data-nimg="1" loading="lazy" style="color:transparent;height:auto;max-width:100%;max-height:100%"/></span></a></div><div class="product__message-title_area" aria-hidden="true"><div class="sc-94249bad-21 khMxyt product__link product__link__analytics product__link product__link__analytics" tabindex="-1"><h2 class="LinesEllipsis  product__title">Coles Spicy Capsicum Dip | 200g<wbr/></h2></div><div aria-hidden="true" class="product__pricing_area show-on-small-screen" data-testid="small-screen-pricing"><section class="sc-5fbea9b3-0 lcJbEb product__pricing product__pricing" data-testid="product_price"><div class="price"><span class="price__value" data-testid="product-pricing" aria-label="Price $2.50">$2.50</span><div class="sc-5fbea9b3-1 iTynCB"></div></div><div class="sc-79c0c972-0 jowmFP"><div class="price__calculation_method">$1.25 per 100g</div></div></section></div></div></header></div><div class="product__cta_section"><div aria-hidden="false" class="product__pricing_area hide-on-small-screen" data-testid="large-screen-pricing"><section class="sc-5fbea9b3-0 lcJbEb product__pricing product__pricing" data-testid="product_price"><div class="price"><span class="price__value" data-testid="product-pricing" aria-label="Price $2.50">$2.50</span><div class="sc-5fbea9b3-1 iTynCB"></div></div><div class="sc-79c0c972-0 jowmFP"><div class="price__calculation_method">$1.25 per 100g</div></div></section></div><div data-testid="product-tile-cta-content"><div class="unavailable-container hide-on-small-screen"><div aria-hidden="false" class="similar-product-unavailable hide-on-small-screen" data-testid="large-screen-similar-product-unavailable"></div></div><div class="sc-94249bad-7 hRRJpr product__lists_cta_wrapper" data-testid="product-lists-cta-wrapper"><div class="sc-94249bad-5 jLgRPd"><div data-testid="add-to-cart" class="sc-fa03433-0 kJRZNZ product__add_to_cart product__add_to_cart"><button data-testid="add-to-cart-button" aria-label="Add Coles Spicy Capsicum Dip to the trolley" class="sc-745d6c85-0 kXjmbO product-tiles-btn coles-targeting-ButtonButton button "><span aria-hidden="false" class="sc-d1851dcf-0 ivDnVb coles-targeting-ButtonButtonChildContainer"><svg focusable="false" xmlns="http://www.w3.org/2000/svg" width="24" height="24" viewBox="0 0 24 24"><g fill="none" fill-rule="evenodd"><path stroke="currentColor" stroke-linecap="round" stroke-linejoin="round" stroke-width="2" vector-effect="non-scaling-stroke" d="M8,22 C8.55228475,22 9,21.5522847 9,21 C9,20.4477153 8.55228475,20 8,20 C7.44771525,20 7,20.4477153 7,21 C7,21.5522847 7.44771525,22 8,22 Z M18,22 C18.5522847,22 19,21.5522847 19,21 C19,20.4477153 18.5522847,20 18,20 C17.4477153,20 17,20.4477153 17,21 C17,21.5522847 17.4477153,22 18,22 Z M2,3 L4.5,3 L6.68,14.39 C6.86873697,15.3402315 7.71138394,16.0185624 8.68,16 L17.4,16 C18.3686161,16.0185624 19.211263,15.3402315 19.4,14.39 L21,7 M13,12 L13,6 M10,9 L16,9"></path></g></svg>Add</span></button></div></div></div></div></div></section><section data-testid="product-tile" class="sc-94249bad-8 joBIZU coles-targeting-ProductTileProductTileWrapper"><div class="sc-500ab215-0 gdBZRm coles-targeting-ProductTileHat product-hat coles-targeting-ProductTileHat product-hat" data-testid="product-hat"></div><div tabindex="0" class="sc-94249bad-11 iHToZU coles-targeting-ProductTileHeaderWrapper"><header class="product__header"><div class="product__image_area"><a tabindex="-1" class="product__link product__image" aria-label="Coles Sour Cream | 500g" href="/product/coles-sour-cream-500g-3676980"><span class="sc-51f151be-0 irGhqP"><img alt="" data-testid="product-image" srcSet="/_next/image?url=https%3A%2F%2Fproductimages.coles.com.au%2Fproductimages%2F3%2F3676980.jpg&amp;w=256&amp;q=90 1x, /_next/image?url=https%3A%2F%2Fproductimages.coles.com.au%2Fproductimages%2F3%2F3676980.jpg&amp;w=640&amp;q=90 2x" src="/_next/image?url=https%3A%2F%2Fproductimages.coles.com.au%2Fproductimages%2F3%2F3676980.jpg&amp;w=640&amp;q=90" width="200" height="200" decoding="async" data-nimg="1" loading="lazy" style="color:transparent;height:auto;max-width:100%;max-height:100%"/></span></a></div><div class="product__message-title_area" aria-hidden="true"><div class="sc-94249bad-21 khMxyt product__link product__link__analytics product__link product__link__analytics" tabindex="-1"><h2 class="LinesEllipsis  product__title">Coles Sour Cream | 500g<wbr/></h2></div><div aria-hidden="true" class="product__pricing_area show-on-small-screen" data-testid="small-screen-pricing"><section class="sc-5fbea9b3-0 lcJbEb product__pricing product__pricing" data-testid="product_price"><div class="price"><span class="price__value" data-testid="product-pricing" aria-label="Price $4.20">$4.20</span><div class="sc-5fbea9b3-1 iTynCB"></div></div><div class="sc-79c0c972-0 jowmFP"><div class="price__calculation_method">$0.84 per 100g</div></div></section></div></div></header></div><div class="product__cta_section"><div aria-hidden="false" class="product__pricing_area hide-on-small-screen" data-testid="large-screen-pricing"><section class="sc-5fbea9b3-0 lcJbEb product__pricing product__pricing" data-testid="product_price"><div class="price"><span class="price__value" data-testid="product-pricing" aria-label="Price $4.20">$4.20</span><div class="sc-5fbea9b3-1 iTynCB"></div></div><div class="sc-79c0c972-0 jowmFP"><div class="price__calculation_method">$0.84 per 100g</div></div></section></div><div data-testid="product-tile-cta-content"><div class="unavailable-container hide-on-small-screen"><div aria-hidden="false" class="similar-product-unavailable hide-on-small-screen" data-testid="large-screen-similar-product-unavailable"></div></div><div class="sc-94249bad-7 hRRJpr product__lists_cta_wrapper" data-testid="product-lists-cta-wrapper"><div class="sc-94249bad-5 jLgRPd"><div data-testid="add-to-cart" class="sc-fa03433-0 kJRZNZ product__add_to_cart product__add_to_cart"><button data-testid="add-to-cart-button" aria-label="Add Coles Sour Cream to the trolley" class="sc-745d6c85-0 kXjmbO product-tiles-btn coles-targeting-ButtonButton button "><span aria-hidden="false" class="sc-d1851dcf-0 ivDnVb coles-targeting-ButtonButtonChildContainer"><svg focusable="false" xmlns="http://www.w3.org/2000/svg" width="24" height="24" viewBox="0 0 24 24"><g fill="none" fill-rule="evenodd"><path stroke="currentColor" stroke-linecap="round" stroke-linejoin="round" stroke-width="2" vector-effect="non-scaling-stroke" d="M8,22 C8.55228475,22 9,21.5522847 9,21 C9,20.4477153 8.55228475,20 8,20 C7.44771525,20 7,20.4477153 7,21 C7,21.5522847 7.44771525,22 8,22 Z M18,22 C18.5522847,22 19,21.5522847 19,21 C19,20.4477153 18.5522847,20 18,20 C17.4477153,20 17,20.4477153 17,21 C17,21.5522847 17.4477153,22 18,22 Z M2,3 L4.5,3 L6.68,14.39 C6.86873697,15.3402315 7.71138394,16.0185624 8.68,16 L17.4,16 C18.3686161,16.0185624 19.211263,15.3402315 19.4,14.39 L21,7 M13,12 L13,6 M10,9 L16,9"></path></g></svg>Add</span></button></div></div></div></div></div></section><section data-testid="product-tile" class="sc-94249bad-8 joBIZU coles-targeting-ProductTileProductTileWrapper"><div class="sc-500ab215-0 gdBZRm coles-targeting-ProductTileHat product-hat coles-targeting-ProductTileHat product-hat" data-testid="product-hat"></div><div tabindex="0" class="sc-94249bad-11 iHToZU coles-targeting-ProductTileHeaderWrapper"><header class="product__header"><div class="product__image_area"><a tabindex="-1" class="product__link product__image" aria-label="Yoplait Vanilla Yoghurt | 1kg" href="/product/yoplait-vanilla-yoghurt-1kg-8716913"><span class="sc-51f151be-0 irGhqP"><img alt="" data-testid="product-image" srcSet="/_next/image?url=https%3A%2F%2Fproductimages.coles.com.au%2Fproductimages%2F8%2F8716913.jpg&amp;w=256&amp;q=90 1x, /_next/image?url=https%3A%2F%2Fproductimages.coles.com.au%2Fproductimages%2F8%2F8716913.jpg&amp;w=640&amp;q=90 2x" src="/_next/image?url=https%3A%2F%2Fproductimages.coles.com.au%2Fproductimages%2F8%2F8716913.jpg&amp;w=640&amp;q=90" width="200" height="200" decoding="async" data-nimg="1" loading="lazy" style="color:transparent;height:auto;max-width:100%;max-height:100%"/></span></a></div><div class="product__message-title_area" aria-hidden="true"><div class="sc-94249bad-21 khMxyt product__link product__link__analytics product__link product__link__analytics" tabindex="-1"><h2 class="LinesEllipsis  product__title">Yoplait Vanilla Yoghurt | 1kg<wbr/></h2></div><span data-testid="down-down" class="sc-f4be1fe7-0 gXctFU product__badge product__badge"><span class="roundel-text down-down">DOWN DOWN</span></span><div aria-hidden="true" class="product__pricing_area show-on-small-screen" data-testid="small-screen-pricing"><section class="sc-5fbea9b3-0 lcJbEb product__pricing product__pricing" data-testid="product_price"><div class="price"><span class="price__value" data-testid="product-pricing" aria-label="Price $4.75">$4.75</span><div class="sc-5fbea9b3-1 iTynCB"></div></div><div class="sc-79c0c972-0 jowmFP"><div class="price__calculation_method">$0.48 per 100g<div class="price__was"><strong>Was $4.90 on Sep 2024</strong></div></div></div></section></div></div></header></div><div class="product__cta_section"><div aria-hidden="false" class="product__pricing_area hide-on-small-screen" data-testid="large-screen-pricing"><section class="sc-5fbea9b3-0 lcJbEb product__pricing product__pricing" data-testid="product_price"><div class="price"><span class="price__value" data-testid="product-pricing" aria-label="Price $4.75">$4.75</span><div class="sc-5fbea9b3-1 iTynCB"></div></div><div class="sc-79c0c972-0 jowmFP"><div class="price__calculation_method">$0.48 per 100g<div class="price__was"><strong>Was $4.90 on Sep 2024</strong></div></div></div></section></div><div data-testid="product-tile-cta-content"><div class="unavailable-container hide-on-small-screen"><div aria-hidden="false" class="similar-product-unavailable hide-on-small-screen" data-testid="large-screen-similar-product-unavailable"></div></div><div class="sc-94249bad-7 hRRJpr product__lists_cta_wrapper" data-testid="product-lists-cta-wrapper"><div class="sc-94249bad-5 jLgRPd"><div data-testid="add-to-cart" class="sc-fa03433-0 kJRZNZ product__add_to_cart product__add_to_cart"><button data-testid="add-to-cart-button" aria-label="Add Yoplait Vanilla Yoghurt to the trolley" class="sc-745d6c85-0 kXjmbO product-tiles-btn coles-targeting-ButtonButton button "><span aria-hidden="false" class="sc-d1851dcf-0 ivDnVb coles-targeting-ButtonButtonChildContainer"><svg focusable="false" xmlns="http://www.w3.org/2000/svg" width="24" height="24" viewBox="0 0 24 24"><g fill="none" fill-rule="evenodd"><path stroke="currentColor" stroke-linecap="round" stroke-linejoin="round" stroke-width="2" vector-effect="non-scaling-stroke" d="M8,22 C8.55228475,22 9,21.5522847 9,21 C9,20.4477153 8.55228475,20 8,20 C7.44771525,20 7,20.4477153 7,21 C7,21.5522847 7.44771525,22 8,22 Z M18,22 C18.5522847,22 19,21.5522847 19,21 C19,20.4477153 18.5522847,20 18,20 C17.4477153,20 17,20.4477153 17,21 C17,21.5522847 17.4477153,22 18,22 Z M2,3 L4.5,3 L6.68,14.39 C6.86873697,15.3402315 7.71138394,16.0185624 8.68,16 L17.4,16 C18.3686161,16.0185624 19.211263,15.3402315 19.4,14.39 L21,7 M13,12 L13,6 M10,9 L16,9"></path></g></svg>Add</span></button></div></div></div></div></div></section><section data-testid="product-tile" class="sc-94249bad-8 joBIZU coles-targeting-ProductTileProductTileWrapper"><div class="sc-500ab215-0 gdBZRm coles-targeting-ProductTileHat product-hat coles-targeting-ProductTileHat product-hat" data-testid="product-hat"></div><div tabindex="0" class="sc-94249bad-11 iHToZU coles-targeting-ProductTileHeaderWrapper"><header class="product__header"><div class="product__image_area"><a tabindex="-1" class="product__link product__image" aria-label="Devondale Semi Skim Long Life Milk | 1L" href="/product/devondale-semi-skim-long-life-milk-1l-4824856"><span class="sc-51f151be-0 irGhqP"><img alt="" data-testid="product-image" srcSet="/_next/image?url=https%3A%2F%2Fproductimages.coles.com.au%2Fproductimages%2F4%2F4824856.jpg&amp;w=256&amp;q=90 1x, /_next/image?url=https%3A%2F%2Fproductimages.coles.com.au%2Fproductimages%2F4%2F4824856.jpg&amp;w=640&amp;q=90 2x" src="/_next/image?url=https%3A%2F%2Fproductimages.coles.com.au%2Fproductimages%2F4%2F4824856.jpg&amp;w=640&amp;q=90" width="200" height="200" decoding="async" data-nimg="1" loading="lazy" style="color:transparent;height:auto;max-width:100%;max-height:100%"/></span></a></div><div class="product__message-title_area" aria-hidden="true"><div class="sc-94249bad-21 khMxyt product__link product__link__analytics product__link product__link__analytics" tabindex="-1"><h2 class="LinesEllipsis  product__title">Devondale Semi Skim Long Life Milk | 1L<wbr/></h2></div><div aria-hidden="true" class="product__pricing_area show-on-small-screen" data-testid="small-screen-pricing"><section class="sc-5fbea9b3-0 lcJbEb product__pricing product__pricing" data-testid="product_price"><div class="price"><span class="price__value" data-testid="product-pricing" aria-label="Price $2.20">$2.20</span><div class="sc-5fbea9b3-1 iTynCB"></div></div><div class="sc-79c0c972-0 jowmFP"><div class="price__calculation_method">$2.20 per 1L</div></div></section></div></div></header></div><div class="product__cta_section"><div aria-hidden="false" class="product__pricing_area hide-on-small-screen" data-testid="large-screen-pricing"><section class="sc-5fbea9b3-0 lcJbEb product__pricing product__pricing" data-testid="product_price"><div class="price"><span class="price__value" data-testid="product-pricing" aria-label="Price $2.20">$2.20</span><div class="sc-5fbea9b3-1 iTynCB"></div></div><div class="sc-79c0c972-0 jowmFP"><div class="price__calculation_method">$2.20 per 1L</div></div></section></div><div data-testid="product-tile-cta-content"><div class="unavailable-container hide-on-small-screen"><div aria-hidden="false" class="similar-product-unavailable hide-on-small-screen" data-testid="large-screen-similar-product-unavailable"></div></div><div class="sc-94249bad-7 hRRJpr product__lists_cta_wrapper" data-testid="product-lists-cta-wrapper"><div class="sc-94249bad-5 jLgRPd"><div data-testid="add-to-cart" class="sc-fa03433-0 kJRZNZ product__add_to_cart product__add_to_cart"><button data-testid="add-to-cart-button" aria-label="Add Devondale Semi Skim Long Life Milk to the trolley" class="sc-745d6c85-0 kXjmbO product-tiles-btn coles-targeting-ButtonButton button "><span aria-hidden="false" class="sc-d1851dcf-0 ivDnVb coles-targeting-ButtonButtonChildContainer"><svg focusable="false" xmlns="http://www.w3.org/2000/svg" width="24" height="24" viewBox="0 0 24 24"><g fill="none" fill-rule="evenodd"><path stroke="currentColor" stroke-linecap="round" stroke-linejoin="round" stroke-width="2" vector-effect="non-scaling-stroke" d="M8,22 C8.55228475,22 9,21.5522847 9,21 C9,20.4477153 8.55228475,20 8,20 C7.44771525,20 7,20.4477153 7,21 C7,21.5522847 7.44771525,22 8,22 Z M18,22 C18.5522847,22 19,21.5522847 19,21 C19,20.4477153 18.5522847,20 18,20 C17.4477153,20 17,20.4477153 17,21 C17,21.5522847 17.4477153,22 18,22 Z M2,3 L4.5,3 L6.68,14.39 C6.86873697,15.3402315 7.71138394,16.0185624 8.68,16 L17.4,16 C18.3686161,16.0185624 19.211263,15.3402315 19.4,14.39 L21,7 M13,12 L13,6 M10,9 L16,9"></path></g></svg>Add</span></button></div></div></div></div></div></section><section data-testid="product-tile" class="sc-94249bad-8 hQizZu coles-targeting-ProductTileProductTileWrapper"><div class="sc-500ab215-0 gdBZRm coles-targeting-ProductTileHat product-hat is-special coles-targeting-ProductTileHat product-hat is-special" data-testid="product-hat">Special</div><div tabindex="0" class="sc-94249bad-11 iHToZU coles-targeting-ProductTileHeaderWrapper"><header class="product__header"><div class="product__image_area"><a tabindex="-1" class="product__link product__image" aria-label="Tamar Valley Kids Greek Pouch Yoghurt | 110g" href="/product/tamar-valley-kids-greek-pouch-yoghurt-110g-3539526"><span class="sc-51f151be-0 irGhqP"><img alt="" data-testid="product-image" srcSet="/_next/image?url=https%3A%2F%2Fproductimages.coles.com.au%2Fproductimages%2F3%2F3539526.jpg&amp;w=256&amp;q=90 1x, /_next/image?url=https%3A%2F%2Fproductimages.coles.com.au%2Fproductimages%2F3%2F3539526.jpg&amp;w=640&amp;q=90 2x" src="/_next/image?url=https%3A%2F%2Fproductimages.coles.com.au%2Fproductimages%2F3%2F3539526.jpg&amp;w=640&amp;q=90" width="200" height="200" decoding="async" data-nimg="1" loading="lazy" style="color:transparent;height:auto;max-width:100%;max-height:100%"/></span></a></div><div class="product__message-title_area" aria-hidden="true"><div class="sc-94249bad-21 khMxyt product__link product__link__analytics product__link product__link__analytics" tabindex="-1"><h2 class="LinesEllipsis  product__title">Tamar Valley Kids Greek Pouch Yoghurt | 110g<wbr/></h2></div><span data-testid="multi_save" class="sc-f4be1fe7-0 hjCQAH product__badge product__badge"><span class="roundel-text multi_save">SPECIAL</span></span><div aria-hidden="true" class="product__pricing_area show-on-small-screen" data-testid="small-screen-pricing"><section class="sc-5fbea9b3-0 lcJbEb product__pricing product__pricing" data-testid="product_price"><div class="price"><span class="price__value" data-testid="product-pricing" aria-label="Price $2.40">$2.40</span><div class="sc-5fbea9b3-1 iTynCB"></div></div><div class="sc-79c0c972-0 jowmFP"><div class="price__calculation_method">$2.18 per 100g</div></div></section><div class="sc-94249bad-16 BfoYV coles-targeting-ProductTileMultiBuyContainer"><div class="product__offers_description" data-testid="offers"><span class="product_promotion complex"><button data-testid="complex-promotion-link" class="sc-856ff560-0 sc-856ff560-1 sc-b5a96ce8-1 jGROiw gVzeRG jEONlN coles-targeting-LinkLinkInternal link coles-targeting-LinkLinkInternal link coles-targeting-LinkLinkInternal link coles-targeting-LinkLinkInternal link" tabindex="0" target="">Pick any 5 for $10</button></span></div></div></div></div></header></div><div class="product__cta_section"><div aria-hidden="false" class="product__pricing_area hide-on-small-screen" data-testid="large-screen-pricing"><section class="sc-5fbea9b3-0 lcJbEb product__pricing product__pricing" data-testid="product_price"><div class="price"><span class="price__value" data-testid="product-pricing" aria-label="Price $2.40">$2.40</span><div class="sc-5fbea9b3-1 iTynCB"></div></div><div class="sc-79c0c972-0 jowmFP"><div class="price__calculation_method">$2.18 per 100g</div></div></section><div class="sc-94249bad-16 BfoYV coles-targeting-ProductTileMultiBuyContainer"><div class="product__offers_description" data-testid="offers"><span class="product_promotion complex"><button data-testid="complex-promotion-link" class="sc-856ff560-0 sc-856ff560-1 sc-b5a96ce8-1 jGROiw gVzeRG jEONlN coles-targeting-LinkLinkInternal link coles-targeting-LinkLinkInternal link coles-targeting-LinkLinkInternal link coles-targeting-LinkLinkInternal link" tabindex="0" target="">Pick any 5 for $10</button></span></div></div></div><div data-testid="product-tile-cta-content"><div class="unavailable-container hide-on-small-screen"><div aria-hidden="false" class="similar-product-unavailable hide-on-small-screen" data-testid="large-screen-similar-product-unavailable"></div></div><div class="sc-94249bad-7 hRRJpr product__lists_cta_wrapper" data-testid="product-lists-cta-wrapper"><div class="sc-94249bad-5 jLgRPd"><div data-testid="add-to-cart" class="sc-fa03433-0 kJRZNZ product__add_to_cart product__add_to_cart"><button data-testid="add-to-cart-button" aria-label="Add Tamar Valley Kids Greek Pouch Yoghurt to the trolley" class="sc-745d6c85-0 kXjmbO product-tiles-btn coles-targeting-ButtonButton button "><span aria-hidden="false" class="sc-d1851dcf-0 ivDnVb coles-targeting-ButtonButtonChildContainer"><svg focusable="false" xmlns="http://www.w3.org/2000/svg" width="24" height="24" viewBox="0 0 24 24"><g fill="none" fill-rule="evenodd"><path stroke="currentColor" stroke-linecap="round" stroke-linejoin="round" stroke-width="2" vector-effect="non-scaling-stroke" d="M8,22 C8.55228475,22 9,21.5522847 9,21 C9,20.4477153 8.55228475,20 8,20 C7.44771525,20 7,20.4477153 7,21 C7,21.5522847 7.44771525,22 8,22 Z M18,22 C18.5522847,22 19,21.5522847 19,21 C19,20.4477153 18.5522847,20 18,20 C17.4477153,20 17,20.4477153 17,21 C17,21.5522847 17.4477153,22 18,22 Z M2,3 L4.5,3 L6.68,14.39 C6.86873697,15.3402315 7.71138394,16.0185624 8.68,16 L17.4,16 C18.3686161,16.0185624 19.211263,15.3402315 19.4,14.39 L21,7 M13,12 L13,6 M10,9 L16,9"></path></g></svg>Add</span></button></div></div></div></div></div></section><section data-testid="product-tile" class="sc-94249bad-8 joBIZU coles-targeting-ProductTileProductTileWrapper"><div class="sc-500ab215-0 gdBZRm coles-targeting-ProductTileHat product-hat is-special coles-targeting-ProductTileHat product-hat is-special" data-testid="product-hat">Special</div><div tabindex="0" class="sc-94249bad-11 iHToZU coles-targeting-ProductTileHeaderWrapper"><header class="product__header"><div class="product__image_area"><a tabindex="-1" class="product__link product__image" aria-label="Philadelphia Soft Cream Cheese Tub | 250g" href="/product/philadelphia-soft-cream-cheese-tub-250g-5196114"><span class="sc-51f151be-0 irGhqP"><img alt="" data-testid="product-image" srcSet="/_next/image?url=https%3A%2F%2Fproductimages.coles.com.au%2Fproductimages%2F5%2F5196114.jpg&amp;w=256&amp;q=90 1x, /_next/image?url=https%3A%2F%2Fproductimages.coles.com.au%2Fproductimages%2F5%2F5196114.jpg&amp;w=640&amp;q=90 2x" src="/_next/image?url=https%3A%2F%2Fproductimages.coles.com.au%2Fproductimages%2F5%2F5196114.jpg&amp;w=640&amp;q=90" width="200" height="200" decoding="async" data-nimg="1" loading="lazy" style="color:transparent;height:auto;max-width:100%;max-height:100%"/></span></a></div><div class="product__message-title_area" aria-hidden="true"><div class="sc-94249bad-21 khMxyt product__link product__link__analytics product__link product__link__analytics" tabindex="-1"><h2 class="LinesEllipsis  product__title">Philadelphia Soft Cream Cheese Tub | 250g<wbr/></h2></div><span data-testid="simple-fixed-price-specials" class="sc-f4be1fe7-0 hjCQAH product__badge product__badge"><span class="roundel-text simple-fixed-price-specials"><span></span>SPECIAL<span></span></span></span><div aria-hidden="true" class="product__pricing_area show-on-small-screen" data-testid="small-screen-pricing"><section class="sc-5fbea9b3-0 lcJbEb product__pricing product__pricing" data-testid="product_price"><div class="price"><span class="price__value" data-testid="product-pricing" aria-label="Price $4.50">$4.50</span><span data-testid="badge-wrapper" type="savings" class="sc-54c91287-0 ixaypx badge is-small badge is-small"><section aria-label="" class="badge-label">Save $1.20</section></span><div class="sc-5fbea9b3-1 iTynCB"></div></div><div class="sc-79c0c972-0 jowmFP"><div class="price__calculation_method">$18.00 per 1kg<span class="price__was"> | Was $5.70</span></div></div></section></div></div></header></div><div class="product__cta_section"><div aria-hidden="false" class="product__pricing_area hide-on-small-screen" data-testid="large-screen-pricing"><section class="sc-5fbea9b3-0 lcJbEb product__pricing product__pricing" data-testid="product_price"><div class="price"><span class="price__value" data-testid="product-pricing" aria-label="Price $4.50">$4.50</span><span data-testid="badge-wrapper" type="savings" class="sc-54c91287-0 ixaypx badge is-small badge is-small"><section aria-label="" class="badge-label">Save $1.20</section></span><div class="sc-5fbea9b3-1 iTynCB"></div></div><div class="sc-79c0c972-0 jowmFP"><div class="price__calculation_method">$18.00 per 1kg<span class="price__was"> | Was $5.70</span></div></div></section></div><div data-testid="product-tile-cta-content"><div class="unavailable-container hide-on-small-screen"><div aria-hidden="false" class="similar-product-unavailable hide-on-small-screen" data-testid="large-screen-similar-product-unavailable"></div></div><div class="sc-94249bad-7 hRRJpr product__lists_cta_wrapper" data-testid="product-lists-cta-wrapper"><div class="sc-94249bad-5 jLgRPd"><div data-testid="add-to-cart" class="sc-fa03433-0 kJRZNZ product__add_to_cart product__add_to_cart"><button data-testid="add-to-cart-button" aria-label="Add Philadelphia Soft Cream Cheese Tub to the trolley" class="sc-745d6c85-0 kXjmbO product-tiles-btn coles-targeting-ButtonButton button "><span aria-hidden="false" class="sc-d1851dcf-0 ivDnVb coles-targeting-ButtonButtonChildContainer"><svg focusable="false" xmlns="http://www.w3.org/2000/svg" width="24" height="24" viewBox="0 0 24 24"><g fill="none" fill-rule="evenodd"><path stroke="currentColor" stroke-linecap="round" stroke-linejoin="round" stroke-width="2" vector-effect="non-scaling-stroke" d="M8,22 C8.55228475,22 9,21.5522847 9,21 C9,20.4477153 8.55228475,20 8,20 C7.44771525,20 7,20.4477153 7,21 C7,21.5522847 7.44771525,22 8,22 Z M18,22 C18.5522847,22 19,21.5522847 19,21 C19,20.4477153 18.5522847,20 18,20 C17.4477153,20 17,20.4477153 17,21 C17,21.5522847 17.4477153,22 18,22 Z M2,3 L4.5,3 L6.68,14.39 C6.86873697,15.3402315 7.71138394,16.0185624 8.68,16 L17.4,16 C18.3686161,16.0185624 19.211263,15.3402315 19.4,14.39 L21,7 M13,12 L13,6 M10,9 L16,9"></path></g></svg>Add</span></button></div></div></div></div></div></section><section data-testid="product-tile" class="sc-94249bad-8 joBIZU coles-targeting-ProductTileProductTileWrapper"><div class="sc-500ab215-0 gdBZRm coles-targeting-ProductTileHat product-hat is-special coles-targeting-ProductTileHat product-hat is-special" data-testid="product-hat">Special</div><div tabindex="0" class="sc-94249bad-11 iHToZU coles-targeting-ProductTileHeaderWrapper"><header class="product__header"><div class="product__image_area"><a tabindex="-1" class="product__link product__image" aria-label="Gippsland Dairy Blueberry Twist Yoghurt | 700g" href="/product/gippsland-dairy-blueberry-twist-yoghurt-700g-6941577"><span class="sc-51f151be-0 irGhqP"><img alt="" data-testid="product-image" srcSet="/_next/image?url=https%3A%2F%2Fproductimages.coles.com.au%2Fproductimages%2F6%2F6941577.jpg&amp;w=256&amp;q=90 1x, /_next/image?url=https%3A%2F%2Fproductimages.coles.com.au%2Fproductimages%2F6%2F6941577.jpg&amp;w=640&amp;q=90 2x" src="/_next/image?url=https%3A%2F%2Fproductimages.coles.com.au%2Fproductimages%2F6%2F6941577.jpg&amp;w=640&amp;q=90" width="200" height="200" decoding="async" data-nimg="1" loading="lazy" style="color:transparent;height:auto;max-width:100%;max-height:100%"/></span></a></div><div class="product__message-title_area" aria-hidden="true"><div class="sc-94249bad-21 khMxyt product__link product__link__analytics product__link product__link__analytics" tabindex="-1"><h2 class="LinesEllipsis  product__title">Gippsland Dairy Blueberry Twist Yoghurt | 700g<wbr/></h2></div><span data-testid="simple-fixed-price-specials" class="sc-f4be1fe7-0 hjCQAH product__badge product__badge"><span class="roundel-text simple-fixed-price-specials"><span></span>SPECIAL<span></span></span></span><div aria-hidden="true" class="product__pricing_area show-on-small-screen" data-testid="small-screen-pricing"><section class="sc-5fbea9b3-0 lcJbEb product__pricing product__pricing" data-testid="product_price"><div class="price"><span class="price__value" data-testid="product-pricing" aria-label="Price $6.30">$6.30</span><span data-testid="badge-wrapper" type="savings" class="sc-54c91287-0 ixaypx badge is-small badge is-small"><section aria-label="" class="badge-label">Save $1.60</section></span><div class="sc-5fbea9b3-1 iTynCB"></div></div><div class="sc-79c0c972-0 jowmFP"><div class="price__calculation_method">$0.90 per 100g<span class="price__was"> | Was $7.90</span></div></div></section></div></div></header></div><div class="product__cta_section"><div aria-hidden="false" class="product__pricing_area hide-on-small-screen" data-testid="large-screen-pricing"><section class="sc-5fbea9b3-0 lcJbEb product__pricing product__pricing" data-testid="product_price"><div class="price"><span class="price__value" data-testid="product-pricing" aria-label="Price $6.30">$6.30</span><span data-testid="badge-wrapper" type="savings" class="sc-54c91287-0 ixaypx badge is-small badge is-small"><section aria-label="" class="badge-label">Save $1.60</section></span><div class="sc-5fbea9b3-1 iTynCB"></div></div><div class="sc-79c0c972-0 jowmFP"><div class="price__calculation_method">$0.90 per 100g<span class="price__was"> | Was $7.90</span></div></div></section></div><div data-testid="product-tile-cta-content"><div class="unavailable-container hide-on-small-screen"><div aria-hidden="false" class="similar-product-unavailable hide-on-small-screen" data-testid="large-screen-similar-product-unavailable"></div></div><div class="sc-94249bad-7 hRRJpr product__lists_cta_wrapper" data-testid="product-lists-cta-wrapper"><div class="sc-94249bad-5 jLgRPd"><div data-testid="add-to-cart" class="sc-fa03433-0 kJRZNZ product__add_to_cart product__add_to_cart"><button data-testid="add-to-cart-button" aria-label="Add Gippsland Dairy Blueberry Twist Yoghurt to the trolley" class="sc-745d6c85-0 kXjmbO product-tiles-btn coles-targeting-ButtonButton button "><span aria-hidden="false" class="sc-d1851dcf-0 ivDnVb coles-targeting-ButtonButtonChildContainer"><svg focusable="false" xmlns="http://www.w3.org/2000/svg" width="24" height="24" viewBox="0 0 24 24"><g fill="none" fill-rule="evenodd"><path stroke="currentColor" stroke-linecap="round" stroke-linejoin="round" stroke-width="2" vector-effect="non-scaling-stroke" d="M8,22 C8.55228475,22 9,21.5522847 9,21 C9,20.4477153 8.55228475,20 8,20 C7.44771525,20 7,20.4477153 7,21 C7,21.5522847 7.44771525,22 8,22 Z M18,22 C18.5522847,22 19,21.5522847 19,21 C19,20.4477153 18.5522847,20 18,20 C17.4477153,20 17,20.4477153 17,21 C17,21.5522847 17.4477153,22 18,22 Z M2,3 L4.5,3 L6.68,14.39 C6.86873697,15.3402315 7.71138394,16.0185624 8.68,16 L17.4,16 C18.3686161,16.0185624 19.211263,15.3402315 19.4,14.39 L21,7 M13,12 L13,6 M10,9 L16,9"></path></g></svg>Add</span></button></div></div></div></div></div></section><section data-testid="product-tile" class="sc-94249bad-8 joBIZU coles-targeting-ProductTileProductTileWrapper"><div class="sc-500ab215-0 gdBZRm coles-targeting-ProductTileHat product-hat coles-targeting-ProductTileHat product-hat" data-testid="product-hat"></div><div tabindex="0" class="sc-94249bad-11 iHToZU coles-targeting-ProductTileHeaderWrapper"><header class="product__header"><div class="product__image_area"><a tabindex="-1" class="product__link product__image" aria-label="Coles Dairy Unsalted Butter Pat | 250g" href="/product/coles-dairy-unsalted-butter-pat-250g-46883"><span class="sc-51f151be-0 irGhqP"><img alt="" data-testid="product-image" srcSet="/_next/image?url=https%3A%2F%2Fproductimages.coles.com.au%2Fproductimages%2F4%2F46883.jpg&amp;w=256&amp;q=90 1x, /_next/image?url=https%3A%2F%2Fproductimages.coles.com.au%2Fproductimages%2F4%2F46883.jpg&amp;w=640&amp;q=90 2x" src="/_next/image?url=https%3A%2F%2Fproductimages.coles.com.au%2Fproductimages%2F4%2F46883.jpg&amp;w=640&amp;q=90" width="200" height="200" decoding="async" data-nimg="1" loading="lazy" style="color:transparent;height:auto;max-width:100%;max-height:100%"/></span></a></div><div class="product__message-title_area" aria-hidden="true"><div class="sc-94249bad-21 khMxyt product__link product__link__analytics product__link product__link__analytics" tabindex="-1"><h2 class="LinesEllipsis  product__title">Coles Dairy Unsalted Butter Pat | 250g<wbr/></h2></div><div aria-hidden="true" class="product__pricing_area show-on-small-screen" data-testid="small-screen-pricing"><section class="sc-5fbea9b3-0 lcJbEb product__pricing product__pricing" data-testid="product_price"><div class="price"><span class="price__value" data-testid="product-pricing" aria-label="Price $4.80">$4.80</span><div class="sc-5fbea9b3-1 iTynCB"></div></div><div class="sc-79c0c972-0 jowmFP"><div class="price__calculation_method">$1.92 per 100g</div></div></section></div></div></header></div><div class="product__cta_section"><div aria-hidden="false" class="product__pricing_area hide-on-small-screen" data-testid="large-screen-pricing"><section class="sc-5fbea9b3-0 lcJbEb product__pricing product__pricing" data-testid="product_price"><div class="price"><span class="price__value" data-testid="product-pricing" aria-label="Price $4.80">$4.80</span><div class="sc-5fbea9b3-1 iTynCB"></div></div><div class="sc-79c0c972-0 jowmFP"><div class="price__calculation_method">$1.92 per 100g</div></div></section></div><div data-testid="product-tile-cta-content"><div class="unavailable-container hide-on-small-screen"><div aria-hidden="false" class="similar-product-unavailable hide-on-small-screen" data-testid="large-screen-similar-product-unavailable"></div></div><div class="sc-94249bad-7 hRRJpr product__lists_cta_wrapper" data-testid="product-lists-cta-wrapper"><div class="sc-94249bad-5 jLgRPd"><div data-testid="add-to-cart" class="sc-fa03433-0 kJRZNZ product__add_to_cart product__add_to_cart"><button data-testid="add-to-cart-button" aria-label="Add Coles Dairy Unsalted Butter Pat to the trolley" class="sc-745d6c85-0 kXjmbO product-tiles-btn coles-targeting-ButtonButton button "><span aria-hidden="false" class="sc-d1851dcf-0 ivDnVb coles-targeting-ButtonButtonChildContainer"><svg focusable="false" xmlns="http://www.w3.org/2000/svg" width="24" height="24" viewBox="0 0 24 24"><g fill="none" fill-rule="evenodd"><path stroke="currentColor" stroke-linecap="round" stroke-linejoin="round" stroke-width="2" vector-effect="non-scaling-stroke" d="M8,22 C8.55228475,22 9,21.5522847 9,21 C9,20.4477153 8.55228475,20 8,20 C7.44771525,20 7,20.4477153 7,21 C7,21.5522847 7.44771525,22 8,22 Z M18,22 C18.5522847,22 19,21.5522847 19,21 C19,20.4477153 18.5522847,20 18,20 C17.4477153,20 17,20.4477153 17,21 C17,21.5522847 17.4477153,22 18,22 Z M2,3 L4.5,3 L6.68,14.39 C6.86873697,15.3402315 7.71138394,16.0185624 8.68,16 L17.4,16 C18.3686161,16.0185624 19.211263,15.3402315 19.4,14.39 L21,7 M13,12 L13,6 M10,9 L16,9"></path></g></svg>Add</span></button></div></div></div></div></div></section><section data-testid="product-tile" class="sc-94249bad-8 joBIZU coles-targeting-ProductTileProductTileWrapper"><div class="sc-500ab215-0 gdBZRm coles-targeting-ProductTileHat product-hat coles-targeting-ProductTileHat product-hat" data-testid="product-hat"></div><div tabindex="0" class="sc-94249bad-11 iHToZU coles-targeting-ProductTileHeaderWrapper"><header class="product__header"><div class="product__image_area"><a tabindex="-1" class="product__link product__image" aria-label="Pura Full Cream Milk | 1L" href="/product/pura-full-cream-milk-1l-3647722"><span class="sc-51f151be-0 irGhqP"><img alt="" data-testid="product-image" srcSet="/_next/image?url=https%3A%2F%2Fproductimages.coles.com.au%2Fproductimages%2F3%2F3647722.jpg&amp;w=256&amp;q=90 1x, /_next/image?url=https%3A%2F%2Fproductimages.coles.com.au%2Fproductimages%2F3%2F3647722.jpg&amp;w=640&amp;q=90 2x" src="/_next/image?url=https%3A%2F%2Fproductimages.coles.com.au%2Fproductimages%2F3%2F3647722.jpg&amp;w=640&amp;q=90" width="200" height="200" decoding="async" data-nimg="1" loading="lazy" style="color:transparent;height:auto;max-width:100%;max-height:100%"/></span></a></div><div class="product__message-title_area" aria-hidden="true"><div class="sc-94249bad-21 khMxyt product__link product__link__analytics product__link product__link__analytics" tabindex="-1"><h2 class="LinesEllipsis  product__title">Pura Full Cream Milk | 1L<wbr/></h2></div><div aria-hidden="true" class="product__pricing_area show-on-small-screen" data-testid="small-screen-pricing"><section class="sc-5fbea9b3-0 lcJbEb product__pricing product__pricing" data-testid="product_price"><div class="price"><span class="price__value" data-testid="product-pricing" aria-label="Price $2.80">$2.80</span><div class="sc-5fbea9b3-1 iTynCB"></div></div><div class="sc-79c0c972-0 jowmFP"><div class="price__calculation_method">$2.80 per 1L</div></div></section></div></div></header></div><div class="product__cta_section"><div aria-hidden="false" class="product__pricing_area hide-on-small-screen" data-testid="large-screen-pricing"><section class="sc-5fbea9b3-0 lcJbEb product__pricing product__pricing" data-testid="product_price"><div class="price"><span class="price__value" data-testid="product-pricing" aria-label="Price $2.80">$2.80</span><div class="sc-5fbea9b3-1 iTynCB"></div></div><div class="sc-79c0c972-0 jowmFP"><div class="price__calculation_method">$2.80 per 1L</div></div></section></div><div data-testid="product-tile-cta-content"><div class="unavailable-container hide-on-small-screen"><div aria-hidden="false" class="similar-product-unavailable hide-on-small-screen" data-testid="large-screen-similar-product-unavailable"></div></div><div class="sc-94249bad-7 hRRJpr product__lists_cta_wrapper" data-testid="product-lists-cta-wrapper"><div class="sc-94249bad-5 jLgRPd"><div data-testid="add-to-cart" class="sc-fa03433-0 kJRZNZ product__add_to_cart product__add_to_cart"><button data-testid="add-to-cart-button" aria-label="Add Pura Full Cream Milk to the trolley" class="sc-745d6c85-0 kXjmbO product-tiles-btn coles-targeting-ButtonButton button "><span aria-hidden="false" class="sc-d1851dcf-0 ivDnVb coles-targeting-ButtonButtonChildContainer"><svg focusable="false" xmlns="http://www.w3.org/2000/svg" width="24" height="24" viewBox="0 0 24 24"><g fill="none" fill-rule="evenodd"><path stroke="currentColor" stroke-linecap="round" stroke-linejoin="round" stroke-width="2" vector-effect="non-scaling-stroke" d="M8,22 C8.55228475,22 9,21.5522847 9,21 C9,20.4477153 8.55228475,20 8,20 C7.44771525,20 7,20.4477153 7,21 C7,21.5522847 7.44771525,22 8,22 Z M18,22 C18.5522847,22 19,21.5522847 19,21 C19,20.4477153 18.5522847,20 18,20 C17.4477153,20 17,20.4477153 17,21 C17,21.5522847 17.4477153,22 18,22 Z M2,3 L4.5,3 L6.68,14.39 C6.86873697,15.3402315 7.71138394,16.0185624 8.68,16 L17.4,16 C18.3686161,16.0185624 19.211263,15.3402315 19.4,14.39 L21,7 M13,12 L13,6 M10,9 L16,9"></path></g></svg>Add</span></button></div></div></div></div></div></section><section data-testid="product-tile" class="sc-94249bad-8 joBIZU coles-targeting-ProductTileProductTileWrapper"><div class="sc-500ab215-0 gdBZRm coles-targeting-ProductTileHat product-hat coles-targeting-ProductTileHat product-hat" data-testid="product-hat"></div><div tabindex="0" class="sc-94249bad-11 iHToZU coles-targeting-ProductTileHeaderWrapper"><header class="product__header"><div class="product__image_area"><a tabindex="-1" class="product__link product__image" aria-label="Bulla Dollop Cream | 200mL" href="/product/bulla-dollop-cream-200ml-6608148"><span class="sc-51f151be-0 irGhqP"><img alt="" data-testid="product-image" srcSet="/_next/image?url=https%3A%2F%2Fproductimages.coles.com.au%2Fproductimages%2F6%2F6608148.jpg&amp;w=256&amp;q=90 1x, /_next/image?url=https%3A%2F%2Fproductimages.coles.com.au%2Fproductimages%2F6%2F6608148.jpg&amp;w=640&amp;q=90 2x" src="/_next/image?url=https%3A%2F%2Fproductimages.coles.com.au%2Fproductimages%2F6%2F6608148.jpg&amp;w=640&amp;q=90" width="200" height="200" decoding="async" data-nimg="1" loading="lazy" style="color:transparent;height:auto;max-width:100%;max-height:100%"/></span></a></div><div class="product__message-title_area" aria-hidden="true"><div class="sc-94249bad-21 khMxyt product__link product__link__analytics product__link product__link__analytics" tabindex="-1"><h2 class="LinesEllipsis  product__title">Bulla Dollop Cream | 200mL<wbr/></h2></div><div aria-hidden="true" class="product__pricing_area show-on-small-screen" data-testid="small-screen-pricing"><section class="sc-5fbea9b3-0 lcJbEb product__pricing product__pricing" data-testid="product_price"><div class="price"><span class="price__value" data-testid="product-pricing" aria-label="Price $3.80">$3.80</span><div class="sc-5fbea9b3-1 iTynCB"></div></div><div class="sc-79c0c972-0 jowmFP"><div class="price__calculation_method">$1.90 per 100mL</div></div></section></div></div></header></div><div class="product__cta_section"><div aria-hidden="false" class="product__pricing_area hide-on-small-screen" data-testid="large-screen-pricing"><section class="sc-5fbea9b3-0 lcJbEb product__pricing product__pricing" data-testid="product_price"><div class="price"><span class="price__value" data-testid="product-pricing" aria-label="Price $3.80">$3.80</span><div class="sc-5fbea9b3-1 iTynCB"></div></div><div class="sc-79c0c972-0 jowmFP"><div class="price__calculation_method">$1.90 per 100mL</div></div></section></div><div data-testid="product-tile-cta-content"><div class="unavailable-container hide-on-small-screen"><div aria-hidden="false" class="similar-product-unavailable hide-on-small-screen" data-testid="large-screen-similar-product-unavailable"></div></div><div class="sc-94249bad-7 hRRJpr product__lists_cta_wrapper" data-testid="product-lists-cta-wrapper"><div class="sc-94249bad-5 jLgRPd"><div data-testid="add-to-cart" class="sc-fa03433-0 kJRZNZ product__add_to_cart product__add_to_cart"><button data-testid="add-to-cart-button" aria-label="Add Bulla Dollop Cream to the trolley" class="sc-745d6c85-0 kXjmbO product-tiles-btn coles-targeting-ButtonButton button "><span aria-hidden="false" class="sc-d1851dcf-0 ivDnVb coles-targeting-ButtonButtonChildContainer"><svg focusable="false" xmlns="http://www.w3.org/2000/svg" width="24" height="24" viewBox="0 0 24 24"><g fill="none" fill-rule="evenodd"><path stroke="currentColor" stroke-linecap="round" stroke-linejoin="round" stroke-width="2" vector-effect="non-scaling-stroke" d="M8,22 C8.55228475,22 9,21.5522847 9,21 C9,20.4477153 8.55228475,20 8,20 C7.44771525,20 7,20.4477153 7,21 C7,21.5522847 7.44771525,22 8,22 Z M18,22 C18.5522847,22 19,21.5522847 19,21 C19,20.4477153 18.5522847,20 18,20 C17.4477153,20 17,20.4477153 17,21 C17,21.5522847 17.4477153,22 18,22 Z M2,3 L4.5,3 L6.68,14.39 C6.86873697,15.3402315 7.71138394,16.0185624 8.68,16 L17.4,16 C18.3686161,16.0185624 19.211263,15.3402315 19.4,14.39 L21,7 M13,12 L13,6 M10,9 L16,9"></path></g></svg>Add</span></button></div></div></div></div></div></section><section data-testid="product-tile" class="sc-94249bad-8 hQizZu coles-targeting-ProductTileProductTileWrapper"><div class="sc-500ab215-0 gdBZRm coles-targeting-ProductTileHat product-hat is-special coles-targeting-ProductTileHat product-hat is-special" data-testid="product-hat">Special</div><div tabindex="0" class="sc-94249bad-11 iHToZU coles-targeting-ProductTileHeaderWrapper"><header class="product__header"><div class="product__image_area"><a tabindex="-1" class="product__link product__image" aria-label="Primo Pepperoni Hot Salami | 80g" href="/product/primo-pepperoni-hot-salami-80g-2808735"><span class="sc-51f151be-0 irGhqP"><img alt="" data-testid="product-image" srcSet="/_next/image?url=https%3A%2F%2Fproductimages.coles.com.au%2Fproductimages%2F2%2F2808735.jpg&amp;w=256&amp;q=90 1x, /_next/image?url=https%3A%2F%2Fproductimages.coles.com.au%2Fproductimages%2F2%2F2808735.jpg&amp;w=640&amp;q=90 2x" src="/_next/image?url=https%3A%2F%2Fproductimages.coles.com.au%2Fproductimages%2F2%2F2808735.jpg&amp;w=640&amp;q=90" width="200" height="200" decoding="async" data-nimg="1" loading="lazy" style="color:transparent;height:auto;max-width:100%;max-height:100%"/></span></a></div><div class="product__message-title_area" aria-hidden="true"><div class="sc-94249bad-21 khMxyt product__link product__link__analytics product__link product__link__analytics" tabindex="-1"><h2 class="LinesEllipsis  product__title">Primo Pepperoni Hot Salami | 80g<wbr/></h2></div><span data-testid="multi_save" class="sc-f4be1fe7-0 hjCQAH product__badge product__badge"><span class="roundel-text multi_save">SPECIAL</span></span><div aria-hidden="true" class="product__pricing_area show-on-small-screen" data-testid="small-screen-pricing"><section class="sc-5fbea9b3-0 lcJbEb product__pricing product__pricing" data-testid="product_price"><div class="price"><span class="price__value" data-testid="product-pricing" aria-label="Price $3.95">$3.95</span><div class="sc-5fbea9b3-1 iTynCB"></div></div><div class="sc-79c0c972-0 jowmFP"><div class="price__calculation_method">$49.38 per 1kg</div></div></section><div class="sc-94249bad-16 BfoYV coles-targeting-ProductTileMultiBuyContainer"><div class="product__offers_description" data-testid="offers"><span class="product_promotion complex"><button data-testid="complex-promotion-link" class="sc-856ff560-0 sc-856ff560-1 sc-b5a96ce8-1 jGROiw gVzeRG jEONlN coles-targeting-LinkLinkInternal link coles-targeting-LinkLinkInternal link coles-targeting-LinkLinkInternal link coles-targeting-LinkLinkInternal link" tabindex="0" target="">Pick any 2 for $6.70</button></span></div></div></div></div></header></div><div class="product__cta_section"><div aria-hidden="false" class="product__pricing_area hide-on-small-screen" data-testid="large-screen-pricing"><section class="sc-5fbea9b3-0 lcJbEb product__pricing product__pricing" data-testid="product_price"><div class="price"><span class="price__value" data-testid="product-pricing" aria-label="Price $3.95">$3.95</span><div class="sc-5fbea9b3-1 iTynCB"></div></div><div class="sc-79c0c972-0 jowmFP"><div class="price__calculation_method">$49.38 per 1kg</div></div></section><div class="sc-94249bad-16 BfoYV coles-targeting-ProductTileMultiBuyContainer"><div class="product__offers_description" data-testid="offers"><span class="product_promotion complex"><button data-testid="complex-promotion-link" class="sc-856ff560-0 sc-856ff560-1 sc-b5a96ce8-1 jGROiw gVzeRG jEONlN coles-targeting-LinkLinkInternal link coles-targeting-LinkLinkInternal link coles-targeting-LinkLinkInternal link coles-targeting-LinkLinkInternal link" tabindex="0" target="">Pick any 2 for $6.70</button></span></div></div></div><div data-testid="product-tile-cta-content"><div class="unavailable-container hide-on-small-screen"><div aria-hidden="false" class="similar-product-unavailable hide-on-small-screen" data-testid="large-screen-similar-product-unavailable"></div></div><div class="sc-94249bad-7 hRRJpr product__lists_cta_wrapper" data-testid="product-lists-cta-wrapper"><div class="sc-94249bad-5 jLgRPd"><div data-testid="add-to-cart" class="sc-fa03433-0 kJRZNZ product__add_to_cart product__add_to_cart"><button data-testid="add-to-cart-button" aria-label="Add Primo Pepperoni Hot Salami to the trolley" class="sc-745d6c85-0 kXjmbO product-tiles-btn coles-targeting-ButtonButton button "><span aria-hidden="false" class="sc-d1851dcf-0 ivDnVb coles-targeting-ButtonButtonChildContainer"><svg focusable="false" xmlns="http://www.w3.org/2000/svg" width="24" height="24" viewBox="0 0 24 24"><g fill="none" fill-rule="evenodd"><path stroke="currentColor" stroke-linecap="round" stroke-linejoin="round" stroke-width="2" vector-effect="non-scaling-stroke" d="M8,22 C8.55228475,22 9,21.5522847 9,21 C9,20.4477153 8.55228475,20 8,20 C7.44771525,20 7,20.4477153 7,21 C7,21.5522847 7.44771525,22 8,22 Z M18,22 C18.5522847,22 19,21.5522847 19,21 C19,20.4477153 18.5522847,20 18,20 C17.4477153,20 17,20.4477153 17,21 C17,21.5522847 17.4477153,22 18,22 Z M2,3 L4.5,3 L6.68,14.39 C6.86873697,15.3402315 7.71138394,16.0185624 8.68,16 L17.4,16 C18.3686161,16.0185624 19.211263,15.3402315 19.4,14.39 L21,7 M13,12 L13,6 M10,9 L16,9"></path></g></svg>Add</span></button></div></div></div></div></div></section></div><nav data-testid="pagination" aria-label="Pagination navigation" class="sc-f4dc28ca-0 bDeJHl coles-targeting-PaginationPaginationRoot"><ul class="sc-f4dc28ca-1 isAxjV coles-targeting-PaginationPaginationUl"><li><a href="/browse/dairy-eggs-fridge?page=3"><button aria-label="Go to previous page" tabindex="-1" id="pagination-button-previous" class="sc-745d6c85-0 sc-f4dc28ca-3 iZNljp cOYgJV coles-targeting-ButtonButton button iconOnly coles-targeting-PaginationPaginationBoundaryButton"><span aria-hidden="false" class="sc-d1851dcf-0 dkuWoK coles-targeting-ButtonButtonChildContainer"><svg focusable="false" xmlns="http://www.w3.org/2000/svg" width="24" height="24" viewBox="0 0 24 24"><g fill="none" fill-rule="evenodd"><polyline stroke="currentColor" stroke-linecap="round" stroke-linejoin="round" stroke-width="2" vector-effect="non-scaling-stroke" points="12 18 12 6 18 12 12 6 6 12" transform="rotate(-90 12 12)"></polyline></g></svg></span></button></a></li><li><a href="/browse/dairy-eggs-fridge"><span class="MuiButtonBase-root MuiPaginationItem-root MuiPaginationItem-sizeMedium MuiPaginationItem-text MuiPaginationItem-circular MuiPaginationItem-page sc-f4dc28ca-4 jBWvok coles-targeting-PaginationPaginationItem mui-style-1piyaqp" tabindex="-1" role="button" aria-label="Go to page 1" id="pagination-button-page-1">1</span></a></li><li><a href="/browse/dairy-eggs-fridge?page=2"><span class="MuiButtonBase-root MuiPaginationItem-root MuiPaginationItem-sizeMedium MuiPaginationItem-text MuiPaginationItem-circular MuiPaginationItem-page sc-f4dc28ca-4 jBWvok coles-targeting-PaginationPaginationItem mui-style-1piyaqp" tabindex="-1" role="button" aria-label="Go to page 2" id="pagination-button-page-2">2</span></a></li><li><a href="/browse/dairy-eggs-fridge?page=3"><span class="MuiButtonBase-root MuiPaginationItem-root MuiPaginationItem-sizeMedium MuiPaginationItem-text MuiPaginationItem-circular MuiPaginationItem-page sc-f4dc28ca-4 jBWvok coles-targeting-PaginationPaginationItem mui-style-1piyaqp" tabindex="-1" role="button" aria-label="Go to page 3" id="pagination-button-page-3">3</span></a></li><li><a href="/browse/dairy-eggs-fridge?page=4"><span class="MuiButtonBase-root MuiPaginationItem-root MuiPaginationItem-sizeMedium MuiPaginationItem-text MuiPaginationItem-circular Mui-selected MuiPaginationItem-page sc-f4dc28ca-4 jBWvok coles-targeting-PaginationPaginationItem mui-style-1piyaqp" tabindex="-1" role="button" aria-current="true" aria-label="Page 4" id="pagination-button-page-4">4</span></a></li><li><a href="/browse/dairy-eggs-fridge?page=5"><span class="MuiButtonBase-root MuiPaginationItem-root MuiPaginationItem-sizeMedium MuiPaginationItem-text MuiPaginationItem-circular MuiPaginationItem-page sc-f4dc28ca-4 jBWvok coles-targeting-PaginationPaginationItem mui-style-1piyaqp" tabindex="-1" role="button" aria-label="Go to page 5" id="pagination-button-page-5">5</span></a></li><li><span class="sr-only">Pages 6
  to 40 are hidden. Use the
  previous and next buttons to navigate.</span><span aria-hidden="true"><div class="MuiPaginationItem-root MuiPaginationItem-sizeMedium MuiPaginationItem-text MuiPaginationItem-circular MuiPaginationItem-ellipsis sc-f4dc28ca-4 jBWvok coles-targeting-PaginationPaginationItem mui-style-1chvpj5"></div></span></li><li><a href="/browse/dairy-eggs-fridge?page=41"><span class="MuiButtonBase-root MuiPaginationItem-root MuiPaginationItem-sizeMedium MuiPaginationItem-text MuiPaginationItem-circular MuiPaginationItem-page sc-f4dc28ca-4 jBWvok coles-targeting-PaginationPaginationItem mui-style-1piyaqp" tabindex="-1" role="button" aria-label="Go to page 41" id="pagination-button-page-41">41</span></a></li><li><a href="/browse/dairy-eggs-fridge?page=5"><button aria-label="Go to next page" tabindex="-1" id="pagination-button-next" class="sc-745d6c85-0 sc-f4dc28ca-3 iZNljp cOYgJV coles-targeting-ButtonButton button iconOnly coles-targeting-PaginationPaginationBoundaryButton"><span aria-hidden="false" class="sc-d1851dcf-0 dkuWoK coles-targeting-ButtonButtonChildContainer"><svg focusable="false" xmlns="http://www.w3.org/2000/svg" width="24" height="24" viewBox="0 0 24 24"><g fill="none" fill-rule="evenodd"><polyline stroke="currentColor" stroke-linecap="round" stroke-linejoin="round" stroke-width="2" vector-effect="non-scaling-stroke" points="12 18 12 6 18 12 12 6 6 12" transform="matrix(0 -1 -1 0 24 24)"></polyline></g></svg></span></button></a></li></ul><span role="status" aria-live="polite" class="sr-only">Page 4 of 41</span></nav><div class="sc-ca782366-0 kKfHOZ coles-targeting-StylesContentFragment"><div data-testid="aem-content-fragment"><p>Shop all your dairy, eggs &amp; fridge products online. For your breakfast needs we have dairy and dairy free options. If you are short on time, keep handy in the fridge our popular ready to heat pastas, sauces &amp; meals. Buy fridge and dairy products online and get home delivery or pick up from a store near you. Discover our <a href="https://www.coles.com.au/recipes-inspiration/tips/easy-egg-recipes">easy egg recipes</a> and delicious <a href="https://www.coles.com.au/recipes-inspiration/tips/vegan-dessert-recipes">vegan dessert recipes</a>.&nbsp;</p>
</div></div></div></div><div></div></div><div id="coles-targeting-footer-container"><footer><div class="sc-a376814c-0 hibNzQ coles-targeting-FooterFooterWrapper"><div data-testid="footer-content-shop"><div class="sc-a376814c-1 kmDMmy coles-targeting-FooterFooterMenuSection"><div class="sc-a376814c-2 bDSTKE coles-targeting-FooterLinksContainer"><div data-testid="coles-menu-desktop" class="sc-a376814c-4 fKyEbn coles-targeting-FooterColesLinks"><div><div><h3 class="sc-a376814c-11 jpHhwX">Customer help</h3><ul class="coles-links"><li><a aria-label="Contact us" class="sc-856ff560-0-Component gtXLEV coles-targeting-LinkLinkInternal link" tabindex="0" target="" href="/help/contact">Contact us</a></li><li><a aria-label="Help Centre" class="sc-856ff560-0-Component gtXLEV coles-targeting-LinkLinkInternal link" tabindex="0" target="" href="/help">Help Centre</a></li><li><a aria-label="Staying safe online" class="sc-856ff560-0-Component gtXLEV coles-targeting-LinkLinkInternal link" tabindex="0" target="" href="/help/safety/scam-warning">Staying safe online</a></li><li><a aria-label="Product recalls" class="sc-856ff560-0-Component gtXLEV coles-targeting-LinkLinkInternal link" tabindex="0" target="" href="/help/safety/product-recalls">Product recalls</a></li><li><a aria-label="Accessibility" class="sc-856ff560-0-Component gtXLEV coles-targeting-LinkLinkInternal link" tabindex="0" target="" href="/help/accessibility">Accessibility</a></li></ul></div></div><div><div><h3 class="sc-a376814c-11 jpHhwX">Useful links</h3><ul class="coles-links"><li><a aria-label="Stores near you" class="sc-856ff560-0-Component gtXLEV coles-targeting-LinkLinkInternal link" tabindex="0" target="" href="/find-stores">Stores near you</a></li><li><a aria-label="Browse Products" class="sc-856ff560-0-Component gtXLEV coles-targeting-LinkLinkInternal link" tabindex="0" target="" href="/browse">Browse Products</a></li><li><a aria-label="Coles magazines" class="sc-856ff560-0-Component gtXLEV coles-targeting-LinkLinkInternal link" tabindex="0" target="" href="/coles-magazines?pid=magazinesfooter">Coles magazines</a></li><li><a aria-label="Gift cards" class="sc-856ff560-0-Component gtXLEV coles-targeting-LinkLinkInternal link" tabindex="0" target="_blank" href="http://giftcards.com.au">Gift cards</a></li><li><a aria-label="Coles Radio" class="sc-856ff560-0-Component gtXLEV coles-targeting-LinkLinkInternal link" tabindex="0" target="" href="/help/coles-radio">Coles Radio</a></li><li><a aria-label="Coles Plus" class="sc-856ff560-0-Component gtXLEV coles-targeting-LinkLinkInternal link" tabindex="0" target="" href="/ways-to-shop/coles-plus-saver">Coles Plus</a></li><li><a aria-label="Competition winners" class="sc-856ff560-0-Component gtXLEV coles-targeting-LinkLinkInternal link" tabindex="0" target="" href="/offers/competition-winners">Competition winners</a></li></ul></div></div><div><div><h3 class="sc-a376814c-11 jpHhwX">About Coles</h3><ul class="coles-links"><li><a aria-label="Introducing us" class="sc-856ff560-0-Component gtXLEV coles-targeting-LinkLinkInternal link" tabindex="0" target="" href="/about">Introducing us</a></li><li><a aria-label="Our brands" class="sc-856ff560-0-Component gtXLEV coles-targeting-LinkLinkInternal link" tabindex="0" target="" href="/about/our-brands">Our brands</a></li><li><a aria-label="Careers" class="sc-856ff560-0-Component gtXLEV coles-targeting-LinkLinkInternal link" tabindex="0" target="_blank" href="https://colescareers.com.au/au/en/home">Careers</a></li><li><a aria-label="Our history" class="sc-856ff560-0-Component gtXLEV coles-targeting-LinkLinkInternal link" tabindex="0" target="" href="/about/our-history">Our history</a></li><li><a aria-label="Sustainability at Coles" class="sc-856ff560-0-Component gtXLEV coles-targeting-LinkLinkInternal link" tabindex="0" target="" href="/about/sustainability">Sustainability at Coles</a></li><li><a aria-label="Media releases" class="sc-856ff560-0-Component gtXLEV coles-targeting-LinkLinkInternal link" tabindex="0" target="_blank" href="https://www.colesgroup.com.au/news/">Media releases</a></li><li><a aria-label="Investor information" class="sc-856ff560-0-Component gtXLEV coles-targeting-LinkLinkInternal link" tabindex="0" target="_blank" href="https://www.colesgroup.com.au/investors">Investor information</a></li><li><a aria-label="How Flybuys works" class="sc-856ff560-0-Component gtXLEV coles-targeting-LinkLinkInternal link" tabindex="0" target="" href="/about/flybuys">How Flybuys works</a></li></ul></div></div></div></div><div class="sc-a376814c-5 hVLrNo coles-targeting-FooterSocialSection"><div><h3>Follow us</h3><ul class="social-links"><li><a href="https://www.facebook.com/coles" aria-label="Coles facebook" target="_blank" data-testid="social-icon-facebook" class="sc-745d6c85-0-a kUcLkN coles-targeting-ButtonButton button iconOnly"><span aria-hidden="false" class="sc-d1851dcf-0 dkuWoK coles-targeting-ButtonButtonChildContainer"><svg focusable="false" role="img" aria-label="social facebook" xmlns="http://www.w3.org/2000/svg" width="24" height="24" viewBox="0 0 24 24" fill="none"><path d="M18 2H15C13.6739 2 12.4021 2.52678 11.4645 3.46447C10.5268 4.40215 10 5.67392 10 7V10H7V14H10V22H14V14H17L18 10H14V7C14 6.73478 14.1054 6.48043 14.2929 6.29289C14.4804 6.10536 14.7348 6 15 6H18V2Z" stroke="currentColor" stroke-width="2" stroke-linecap="round" stroke-linejoin="round"></path></svg></span></a></li><li><a href="https://www.instagram.com/colessupermarkets" aria-label="Coles instagram" target="_blank" data-testid="social-icon-instagram" class="sc-745d6c85-0-a kUcLkN coles-targeting-ButtonButton button iconOnly"><span aria-hidden="false" class="sc-d1851dcf-0 dkuWoK coles-targeting-ButtonButtonChildContainer"><svg focusable="false" role="img" aria-label="social instagram" xmlns="http://www.w3.org/2000/svg" width="24" height="24" viewBox="0 0 24 24" fill="none"><path d="M17.5 6.5H17.51M7 2H17C19.7614 2 22 4.23858 22 7V17C22 19.7614 19.7614 22 17 22H7C4.23858 22 2 19.7614 2 17V7C2 4.23858 4.23858 2 7 2ZM16 11.37C16.1234 12.2022 15.9813 13.0522 15.5938 13.799C15.2063 14.5458 14.5932 15.1514 13.8416 15.5297C13.0901 15.9079 12.2385 16.0396 11.4078 15.9059C10.5771 15.7723 9.80977 15.3801 9.21485 14.7852C8.61993 14.1902 8.22774 13.4229 8.09408 12.5922C7.96042 11.7615 8.09208 10.9099 8.47034 10.1584C8.8486 9.40685 9.4542 8.79374 10.201 8.40624C10.9478 8.01874 11.7978 7.87658 12.63 8C13.4789 8.12588 14.2649 8.52146 14.8717 9.1283C15.4785 9.73515 15.8741 10.5211 16 11.37Z" stroke="currentColor" stroke-width="2" stroke-linecap="round" stroke-linejoin="round"></path></svg></span></a></li><li><a href="https://au.linkedin.com/company/coles" aria-label="Coles linkedin" target="_blank" data-testid="social-icon-linkedin" class="sc-745d6c85-0-a kUcLkN coles-targeting-ButtonButton button iconOnly"><span aria-hidden="false" class="sc-d1851dcf-0 dkuWoK coles-targeting-ButtonButtonChildContainer"><svg focusable="false" role="img" aria-label="social linkedIn" xmlns="http://www.w3.org/2000/svg" width="24" height="24" viewBox="0 0 24 24" fill="none"><path d="M16 8C17.5913 8 19.1174 8.63214 20.2426 9.75736C21.3679 10.8826 22 12.4087 22 14V21H18V14C18 13.4696 17.7893 12.9609 17.4142 12.5858C17.0391 12.2107 16.5304 12 16 12C15.4696 12 14.9609 12.2107 14.5858 12.5858C14.2107 12.9609 14 13.4696 14 14V21H10V14C10 12.4087 10.6321 10.8826 11.7574 9.75736C12.8826 8.63214 14.4087 8 16 8Z" stroke="currentColor" stroke-width="2" stroke-linecap="round" stroke-linejoin="round"></path><path d="M6 9H2V21H6V9Z" stroke="currentColor" stroke-width="2" stroke-linecap="round" stroke-linejoin="round"></path><path d="M4 6C5.10457 6 6 5.10457 6 4C6 2.89543 5.10457 2 4 2C2.89543 2 2 2.89543 2 4C2 5.10457 2.89543 6 4 6Z" stroke="currentColor" stroke-width="2" stroke-linecap="round" stroke-linejoin="round"></path></svg></span></a></li><li><a href="https://www.youtube.com/coles" aria-label="Coles youtube" target="_blank" data-testid="social-icon-youtube" class="sc-745d6c85-0-a kUcLkN coles-targeting-ButtonButton button iconOnly"><span aria-hidden="false" class="sc-d1851dcf-0 dkuWoK coles-targeting-ButtonButtonChildContainer"><svg focusable="false" role="img" aria-label="social youtube" xmlns="http://www.w3.org/2000/svg" width="24" height="24" viewBox="0 0 24 24" fill="none"><path d="M22.5401 6.42C22.4213 5.94541 22.1794 5.51057 21.8387 5.15941C21.4981 4.80824 21.0708 4.55318 20.6001 4.42C18.8801 4 12.0001 4 12.0001 4C12.0001 4 5.12008 4 3.40008 4.46C2.92933 4.59318 2.50206 4.84824 2.16143 5.19941C1.8208 5.55057 1.57887 5.98541 1.46008 6.46C1.1453 8.20556 0.991319 9.97631 1.00008 11.75C0.988863 13.537 1.14285 15.3213 1.46008 17.08C1.59104 17.5398 1.83839 17.9581 2.17823 18.2945C2.51806 18.6308 2.9389 18.8738 3.40008 19C5.12008 19.46 12.0001 19.46 12.0001 19.46C12.0001 19.46 18.8801 19.46 20.6001 19C21.0708 18.8668 21.4981 18.6118 21.8387 18.2606C22.1794 17.9094 22.4213 17.4746 22.5401 17C22.8524 15.2676 23.0064 13.5103 23.0001 11.75C23.0113 9.96295 22.8573 8.1787 22.5401 6.42Z" stroke="currentColor" stroke-width="2" stroke-linecap="round" stroke-linejoin="round"></path><path d="M9.75006 15.02L15.5001 11.75L9.75006 8.47998V15.02Z" stroke="currentColor" stroke-width="2" stroke-linecap="round" stroke-linejoin="round"></path></svg></span></a></li></ul></div><div><h3>Download the Coles app</h3><div class="coles-app"><ul class="sc-a376814c-6 cXokIh coles-targeting-FooterAppLinksWrapper"><li><a href="https://apps.apple.com/au/app/coles/id529118855" target="_blank" rel="noreferrer" data-testid="app-store"><img alt="Download on the App Store" src="/images/IconColesAppStore.svg" width="120" height="42" decoding="async" data-nimg="1" class="app-store" loading="lazy" style="color:transparent"/></a></li><li><a href="https://play.google.com/store/apps/details?id=com.coles.android.shopmate&amp;hl=en_AU" target="_blank" rel="noreferrer" data-testid="google-play"><img alt="Get it on Google Play" src="/images/IconColesGooglePlay.svg" width="132" height="42" decoding="async" data-nimg="1" class="google-play" loading="lazy" style="color:transparent"/></a></li></ul></div></div></div></div><div class="sc-a376814c-7 eJlAPk coles-targeting-FooterBrandSection"><h3>Explore our brands</h3><div class="brand-links"><ul class="sc-a376814c-8 bYGnqp coles-targeting-FooterBrandLinkWrapper"><li><a href="https://www.colesexpress.com.au/" class="sc-a376814c-9 bwlEyG coles-targeting-FooterColesBrandLinks" target="" rel="noreferrer"><img alt="Coles Express" src="/images/IconBrandColesExpress.svg" width="470" height="282" decoding="async" data-nimg="1" loading="lazy" style="color:transparent"/></a></li><li><a href="https://www.coles.com.au/about/our-businesses/coles-local" class="sc-a376814c-9 bwlEyG coles-targeting-FooterColesBrandLinks" target="" rel="noreferrer"><img alt="Coles Local" src="/images/IconBrandColesLocal.svg" width="470" height="282" decoding="async" data-nimg="1" loading="lazy" style="color:transparent"/></a></li><li><a href="https://www.liquorland.com.au/" class="sc-a376814c-9 bwlEyG coles-targeting-FooterColesBrandLinks" target="_blank" rel="noreferrer"><img alt="Liquorland" src="/images/IconBrandColesLiquorland.svg" width="470" height="282" decoding="async" data-nimg="1" loading="lazy" style="color:transparent"/></a></li><li><a href="https://www.firstchoiceliquor.com.au/" class="sc-a376814c-9 bwlEyG coles-targeting-FooterColesBrandLinks" target="_blank" rel="noreferrer"><img alt="First choice liquor market" src="/images/IconBrandColesFirstChoice.svg" width="470" height="282" decoding="async" data-nimg="1" loading="lazy" style="color:transparent"/></a></li><li><a href="https://www.vintagecellars.com.au/" class="sc-a376814c-9 bwlEyG coles-targeting-FooterColesBrandLinks" target="_blank" rel="noreferrer"><img alt="Vintage cellars Australia&#x27;s fine wine specialist since 1951" src="/images/IconBrandColesVintageCellars.svg" width="470" height="282" decoding="async" data-nimg="1" loading="lazy" style="color:transparent"/></a></li><li><a href="https://www.liquorconnection.com.au/" class="sc-a376814c-9 bwlEyG coles-targeting-FooterColesBrandLinks" target="_blank" rel="noreferrer"><img alt="Liquor Connection" src="/images/IconBrandLiquorConnection.svg" width="470" height="282" decoding="async" data-nimg="1" loading="lazy" style="color:transparent"/></a></li><li><a href="https://www.coles.com.au/insurance" class="sc-a376814c-9 bwlEyG coles-targeting-FooterColesBrandLinks" target="" rel="noreferrer"><img alt="Coles Insurance" src="/images/IconBrandColesInsurance.svg" width="470" height="282" decoding="async" data-nimg="1" loading="lazy" style="color:transparent"/></a></li><li><a href="https://www.coles.com.au/credit-cards" class="sc-a376814c-9 bwlEyG coles-targeting-FooterColesBrandLinks" target="" rel="noreferrer"><img alt="Coles Credit Cards" src="/images/IconBrandColesCreditCards.svg" width="470" height="282" decoding="async" data-nimg="1" loading="lazy" style="color:transparent"/></a></li><li><a href="https://www.coles.com.au/personal-loans" class="sc-a376814c-9 bwlEyG coles-targeting-FooterColesBrandLinks" target="" rel="noreferrer"><img alt="Coles Personal Loans" src="/images/IconBrandColesPersonalLoans.svg" width="470" height="282" decoding="async" data-nimg="1" loading="lazy" style="color:transparent"/></a></li><li><a href="/about/who-we-are/businesses/coles-mobile" class="sc-a376814c-9 bwlEyG coles-targeting-FooterColesBrandLinks" target="" rel="noreferrer"><img alt="Coles Mobile" src="/images/IconBrandColesMobile.svg" width="470" height="282" decoding="async" data-nimg="1" loading="lazy" style="color:transparent"/></a></li><li><a href="https://bestbuys.coles.com.au" class="sc-a376814c-9 bwlEyG coles-targeting-FooterColesBrandLinks" target="" rel="noreferrer"><img alt="Coles Best Buys" src="/images/IconBrandColesBestBuys.svg" width="470" height="282" decoding="async" data-nimg="1" loading="lazy" style="color:transparent"/></a></li><li><a href="https://www.colesgroup.com.au/" class="sc-a376814c-9 bwlEyG coles-targeting-FooterColesBrandLinks" target="" rel="noreferrer"><img alt="Coles Group" src="/images/IconBrandColesGroup.svg" width="470" height="282" decoding="async" data-nimg="1" loading="lazy" style="color:transparent"/></a></li><li><a href="https://coles.com.au/business" class="sc-a376814c-9 bwlEyG coles-targeting-FooterColesBrandLinks" target="" rel="noreferrer"><img alt="Coles For Business" src="/images/IconBrandColesBusiness.svg" width="470" height="282" decoding="async" data-nimg="1" loading="lazy" style="color:transparent"/></a></li><li><a href="https://swaggle.com.au/?utm_source=ColesWebsite&amp;utm_medium=Backlink&amp;utm_campaign=SwaggleLaunch&amp;utm_content=ExploreOurBrands" class="sc-a376814c-9 bwlEyG coles-targeting-FooterColesBrandLinks" target="_blank" rel="noreferrer"><img alt="Coles Swaggle" src="/images/IconBrandColesSwaggle.svg" width="470" height="282" decoding="async" data-nimg="1" loading="lazy" style="color:transparent"/></a></li><li><a href="http://giftcards.com.au" class="sc-a376814c-9 bwlEyG coles-targeting-FooterColesBrandLinks" target="_blank" rel="noreferrer"><img alt="Coles Gift Cards" src="/images/IconBrandColesGiftCards.svg" width="470" height="282" decoding="async" data-nimg="1" loading="lazy" style="color:transparent"/></a></li></ul></div></div></div></div><div data-testid="disclaimer-section" class="sc-a376814c-10 fOQROv coles-targeting-FooterDisclaimerSectionWrapper"><div class="sc-ea1146ef-1 cJINUU coles-targeting-FooterDisclaimerSection"><div><div class="sc-ea1146ef-3 koZbNg coles-targeting-FooterCol1"><img alt="Choose to Drink Wise logo" src="/images/IconDrinkWiseOutline.svg" width="146" height="52" decoding="async" data-nimg="1" loading="lazy" style="color:transparent"/><div>No alcohol can be sold or supplied to anyone under 18. It&#x27;s against the law. It&#x27;s an offence to supply liquor to a person under the age of 18 years. All liquor products are sold and supplied by Liquorland (Australia) Pty Ltd. For more specific legislation in your state or territory, and to view our liquor and tobacco licences, visit our<!-- --> <a href="/important-information/orders-with-liquor-tobacco" class="sc-856ff560-0 huphsd coles-targeting-LinkLinkInternal link" tabindex="0" target="">help page</a>. To voluntarily exclude yourself from being able to purchase liquor online at Coles, please<!-- --> <a href="/help/enquiry?path=Online-shopping%2FLiquor-enquiry" class="sc-856ff560-0 huphsd coles-targeting-LinkLinkInternal link" tabindex="0" target="">contact us</a>.</div></div><div class="sc-ea1146ef-4 gckUkm coles-targeting-FooterCol2"><div class="sc-ea1146ef-2 lkVDvV"><ul class="sc-ea1146ef-0 iVEiTO coles-targeting-FooterDisclaimerLinks"><li><a href="/important-information/privacy-policy" class="sc-856ff560-0 huphsd coles-targeting-LinkLinkInternal link" tabindex="0" target="">Privacy policy</a></li><li><a href="/important-information/terms/website-terms-conditions" class="sc-856ff560-0 huphsd coles-targeting-LinkLinkInternal link" tabindex="0" target="">Terms and conditions</a></li><li><a href="/important-information/customer-agreement" class="sc-856ff560-0 huphsd coles-targeting-LinkLinkInternal link" tabindex="0" target="">Customer agreement</a></li><li><a href="https://www.coles.com.au/sitemap" class="sc-856ff560-0 huphsd coles-targeting-LinkLinkInternal link" tabindex="0" target="">Sitemap</a></li></ul><div id="footer-copyright">Coles Online - Hawthorn East, Victoria Australia 3123  Copyright Coles <!-- -->2024</div></div></div></div></div></div></footer></div></div><div></div></div><script id="__NEXT_DATA__" type="application/json">{"props":{"pageProps":{"assetsUrl":"https://productimages.coles.com.au/productimages","_sentryTraceData":"1c7989d65e7848b2b9c7c8a90afb797c-af384d9179383c65-0","_sentryBaggage":"sentry-environment=prod,sentry-release=20241022.02_v4.26.0,sentry-transaction=%2Fbrowse%2F%5B...slug%5D,sentry-public_key=fe929b0cab4a4e3694d4ce2c52b13210,sentry-trace_id=1c7989d65e7848b2b9c7c8a90afb797c,sentry-sample_rate=0.6","isMobile":false,"searchResults":{"didYouMean":null,"noOfResults":1940,"start":3,"pageSize":48,"keyword":null,"resultType":1,"alternateResult":false,"filters":[{"name":"Brand","values":[{"id":"1075994178","displayText":"25 Degrees","count":1},{"id":"2387285572","displayText":"25 Degrees South","count":3},{"id":"689464171","displayText":"400 Gradi","count":3},{"id":"4125628825","displayText":"A2","count":12},{"id":"420576139","displayText":"Annies","count":1},{"id":"3704084794","displayText":"Annies Orchard","count":1},{"id":"2010015227","displayText":"Antoniou","count":1},{"id":"1655129700","displayText":"Arnotts","count":4},{"id":"2105110709","displayText":"Artic Ocean","count":1},{"id":"2908109885","displayText":"Ashgrove","count":7},{"id":"74124520","displayText":"Ashgrove Signature","count":3},{"id":"1928475845","displayText":"Aunty Kaths","count":4},{"id":"3311067874","displayText":"Auricchio","count":1},{"id":"925066091","displayText":"Australian Gold","count":2},{"id":"239341655","displayText":"Australias Own","count":14},{"id":"2123614021","displayText":"Babushkas","count":2},{"id":"2700425385","displayText":"Babybel","count":3},{"id":"2692771422","displayText":"Barista","count":1},{"id":"3503361606","displayText":"Bean Supreme","count":1},{"id":"4001252849","displayText":"Bega","count":32},{"id":"1986747517","displayText":"Beijing","count":5},{"id":"3902567629","displayText":"Bel","count":1},{"id":"117008605","displayText":"Bertocchi","count":2},{"id":"3144997230","displayText":"Bertolli","count":2},{"id":"2296483675","displayText":"Big M","count":11},{"id":"3709889147","displayText":"Bio","count":7},{"id":"1588948030","displayText":"Birch\u0026Waite","count":3},{"id":"1891983","displayText":"Black Jack","count":1},{"id":"2012909397","displayText":"Black Swan","count":38},{"id":"2842560423","displayText":"Bonsoy","count":3},{"id":"1056859706","displayText":"Boss","count":4},{"id":"869019001","displayText":"Brancourts","count":2},{"id":"4033181534","displayText":"British Sausage Co","count":2},{"id":"879464994","displayText":"Brownes Dairy","count":1},{"id":"3405890751","displayText":"Bulla","count":18},{"id":"3698710892","displayText":"Bun Boy","count":2},{"id":"2146288555","displayText":"Cadbury","count":2},{"id":"3508451768","displayText":"Cafecino","count":2},{"id":"4110422860","displayText":"Caldermeade","count":1},{"id":"1777623344","displayText":"Califia Farms","count":1},{"id":"3457379095","displayText":"Castello","count":17},{"id":"3028503409","displayText":"Changs","count":1},{"id":"247440213","displayText":"Cheer","count":18},{"id":"3487426023","displayText":"Chobani","count":53},{"id":"3429132602","displayText":"Chris","count":6},{"id":"2498401298","displayText":"Cocobella","count":12},{"id":"3955134709","displayText":"Coles","count":399,"brand":"Coles"},{"id":"3096823268","displayText":"Copha","count":1},{"id":"1756149146","displayText":"Coyo","count":3},{"id":"3036072109","displayText":"Cracker Barrel","count":4},{"id":"3150745433","displayText":"Cremeux","count":1},{"id":"2714635341","displayText":"Cucina","count":1},{"id":"2007568593","displayText":"Cucina Classica","count":2},{"id":"4111677317","displayText":"Dairy Farmers","count":24},{"id":"3626069441","displayText":"Danone","count":26},{"id":"4240740604","displayText":"Dare","count":21},{"id":"1961907671","displayText":"DArgental","count":2},{"id":"55376544","displayText":"Daris","count":11},{"id":"1316609024","displayText":"Daris Table","count":2},{"id":"3346308422","displayText":"Delre","count":1},{"id":"643074900","displayText":"Devondale","count":20},{"id":"4019242512","displayText":"Dineamic","count":2},{"id":"594364743","displayText":"Divine Classic","count":1},{"id":"18513903","displayText":"Dodoni","count":6},{"id":"4176511449","displayText":"Don","count":24},{"id":"1906597454","displayText":"Dream Whip","count":1},{"id":"95453463","displayText":"East Coast","count":1},{"id":"2485309612","displayText":"Emborg","count":6},{"id":"538757077","displayText":"Fairy","count":1},{"id":"4025352527","displayText":"Fancy Plants","count":7},{"id":"1890534853","displayText":"Fantastic","count":2},{"id":"1473101317","displayText":"Farmers Union","count":22},{"id":"3143327651","displayText":"Farmhouse","count":2},{"id":"2800993699","displayText":"First Press","count":1},{"id":"1182977320","displayText":"Five:AM","count":9},{"id":"3315071980","displayText":"Flora","count":12},{"id":"402773875","displayText":"Fresh","count":4},{"id":"2960381570","displayText":"Fresh Fodder","count":1},{"id":"4174543637","displayText":"Fromager","count":1},{"id":"3050545228","displayText":"Fyfe Family Farm","count":1},{"id":"2884881665","displayText":"Garlos","count":5},{"id":"2952012957","displayText":"Gerry Pittes","count":1},{"id":"286005542","displayText":"Giorgios","count":5},{"id":"1889620458","displayText":"Gippsalnd Dairy","count":1},{"id":"3251834466","displayText":"Gippsland","count":1},{"id":"1947221261","displayText":"Gippsland Dairy","count":22},{"id":"954522257","displayText":"Girgarre","count":1},{"id":"3248248592","displayText":"Gotzinger","count":1},{"id":"3638426779","displayText":"Grand Italian","count":1},{"id":"1264702408","displayText":"Great Ocean Road","count":13},{"id":"2763114312","displayText":"Hans","count":2},{"id":"3855949696","displayText":"Happy Happy","count":1},{"id":"1065312780","displayText":"Herbert Adams","count":7},{"id":"2834071607","displayText":"Home Chef","count":3},{"id":"956236017","displayText":"Hot-Kid","count":1},{"id":"490843700","displayText":"Hunt And Brew","count":1},{"id":"4027118310","displayText":"Hunt\u0026Brew","count":3},{"id":"1557218746","displayText":"Ice Break","count":10},{"id":"1107700859","displayText":"Inside Out","count":1},{"id":"1321781648","displayText":"Ipastai","count":3},{"id":"2902138646","displayText":"Island Berries Tasmania","count":3},{"id":"208720012","displayText":"Ital","count":1},{"id":"373042484","displayText":"Jalna","count":21},{"id":"2556097089","displayText":"Jarlsberg","count":5},{"id":"2605132202","displayText":"JCs Quality Foods","count":2},{"id":"607695117","displayText":"Jindi","count":4},{"id":"1684398331","displayText":"Joshs Rainbow","count":4},{"id":"1371668954","displayText":"KCF","count":1},{"id":"3789629470","displayText":"Kebia","count":1},{"id":"2018386239","displayText":"Keep It Cleaner","count":2},{"id":"267916712","displayText":"Kenilworth","count":4},{"id":"3561912355","displayText":"Kenilworth Dairies","count":1},{"id":"1459195355","displayText":"Kido","count":2},{"id":"1839967721","displayText":"King Island Dairy","count":3},{"id":"1713743105","displayText":"Kingland","count":2},{"id":"2734857529","displayText":"Kiri","count":1},{"id":"3291218245","displayText":"Kraft","count":2},{"id":"1504880823","displayText":"Kraft Bluey","count":1},{"id":"3792858748","displayText":"Kroon","count":2},{"id":"3838750434","displayText":"La Casa Del Formaggio","count":5},{"id":"3102413182","displayText":"La Casa Del Formagio","count":1},{"id":"4280730613","displayText":"La Famiglia","count":7},{"id":"137814268","displayText":"Latina","count":28},{"id":"1061816485","displayText":"Lemnos","count":11},{"id":"1324273202","displayText":"Liddells","count":11},{"id":"1296090554","displayText":"Living Planet","count":1},{"id":"2010753607","displayText":"Lucky Chicken","count":2},{"id":"3431457612","displayText":"Lurpak","count":7},{"id":"1195381305","displayText":"Luv A Duck","count":1},{"id":"915582259","displayText":"Made With Plants","count":3},{"id":"3534373176","displayText":"Maggie Beer","count":7},{"id":"2209394728","displayText":"Mainland","count":21},{"id":"4223382828","displayText":"Mainland Cracker Cuts","count":1},{"id":"3276749192","displayText":"Meadow Lea","count":2},{"id":"1374652624","displayText":"Meliora","count":1},{"id":"453155029","displayText":"Meredith","count":4},{"id":"1601952123","displayText":"Mersey Valley","count":12},{"id":"3108313454","displayText":"Mil Lel","count":4},{"id":"1988374097","displayText":"Milklab","count":5},{"id":"3231718937","displayText":"Minor Figures","count":1},{"id":"4063250753","displayText":"Montefiore","count":1},{"id":"2450466051","displayText":"Moondarra","count":4},{"id":"3307907881","displayText":"Mornington","count":2},{"id":"3983051935","displayText":"Mornington Peninsula","count":4},{"id":"2573447397","displayText":"Mushiki","count":2},{"id":"1412565105","displayText":"Naixue","count":4},{"id":"2432501424","displayText":"National","count":10},{"id":"61671967","displayText":"National Pies","count":1},{"id":"2046785746","displayText":"Natures Kitchen","count":9},{"id":"1805374681","displayText":"Nedds","count":2},{"id":"202131766","displayText":"Nestle","count":3},{"id":"342130180","displayText":"Nevana","count":1},{"id":"522317888","displayText":"Nippys","count":2},{"id":"1204625911","displayText":"Norco","count":2},{"id":"225237249","displayText":"Normandie","count":4},{"id":"4264305610","displayText":"Nuffin","count":4},{"id":"3600268900","displayText":"Nutrisoy","count":1},{"id":"2308163629","displayText":"Nuttelex","count":5},{"id":"2176488513","displayText":"Nutty Bruce","count":3},{"id":"441235257","displayText":"Oak","count":15},{"id":"3987974744","displayText":"Oatly","count":5},{"id":"4052636839","displayText":"Obela","count":14},{"id":"3401579136","displayText":"Olive Grove","count":1},{"id":"1344249746","displayText":"Pace Farm","count":4},{"id":"557541274","displayText":"Paldo","count":2},{"id":"3994298658","displayText":"Pauls","count":52},{"id":"2185631562","displayText":"Perfect Italiano","count":18},{"id":"3860798142","displayText":"Philadelphia","count":10},{"id":"1464675108","displayText":"Pilpel","count":5},{"id":"1691344941","displayText":"Pitango","count":6},{"id":"3074135501","displayText":"Plantwell","count":3},{"id":"3030312521","displayText":"Primo","count":67},{"id":"683997812","displayText":"Procal","count":1},{"id":"3734374801","displayText":"Provedore","count":7},{"id":"1073586049","displayText":"Pura","count":8},{"id":"4254247834","displayText":"Puregg","count":1},{"id":"1749740550","displayText":"Pureharvest","count":5},{"id":"2757155965","displayText":"Pureharvest Barista","count":1},{"id":"3915312966","displayText":"Pureland","count":2},{"id":"3767989646","displayText":"Pyengana","count":1},{"id":"1756103163","displayText":"Rana","count":14},{"id":"1520098076","displayText":"Ready Chef","count":4},{"id":"2525808981","displayText":"Real","count":2},{"id":"53557590","displayText":"Red Rock Deli","count":12},{"id":"1579931916","displayText":"Riverina","count":5},{"id":"2016095303","displayText":"Rokeby Farms","count":8},{"id":"3174654321","displayText":"Sanitarium","count":15},{"id":"3269825130","displayText":"Seng Hork","count":2},{"id":"3649326251","displayText":"Senza","count":2},{"id":"3994571608","displayText":"Sheese","count":2},{"id":"1040984455","displayText":"Siggis","count":8},{"id":"327659960","displayText":"Simply Better","count":2},{"id":"675582983","displayText":"Smoked","count":1},{"id":"1118505360","displayText":"Snowdonia","count":2},{"id":"510077429","displayText":"Somerdale","count":1},{"id":"3602826428","displayText":"South Cape","count":11},{"id":"3555237157","displayText":"Soyco","count":6},{"id":"499355741","displayText":"Stone Baked","count":1},{"id":"1618282524","displayText":"Stonefire","count":2},{"id":"2916561366","displayText":"Sunbeam","count":3},{"id":"1827343475","displayText":"Suncoast","count":1},{"id":"3026146359","displayText":"Sunny","count":1},{"id":"1467281428","displayText":"Sunny Queen","count":8},{"id":"432118893","displayText":"Supafry","count":1},{"id":"2154858644","displayText":"Supreme","count":2},{"id":"2430451363","displayText":"Supreme Quality Foods","count":2},{"id":"1177581672","displayText":"Table Of Plenty","count":2},{"id":"3128388258","displayText":"Tahini Neri","count":4},{"id":"4216134894","displayText":"Tamar Valley","count":19},{"id":"3500984507","displayText":"Tasmanian","count":2},{"id":"668708395","displayText":"Tasmanian Heritage","count":15},{"id":"3724204723","displayText":"The Complete Dairy","count":2},{"id":"3622749229","displayText":"The Kimchi Company","count":1},{"id":"2270192417","displayText":"The Laughing Cow","count":4},{"id":"2611419368","displayText":"The Organic Milk Co","count":4},{"id":"2491818369","displayText":"The Organic Milk Company","count":1},{"id":"975224352","displayText":"The Sweetporium Co","count":5},{"id":"1007673259","displayText":"The Yoghurt Shop","count":5},{"id":"1695721778","displayText":"Thomsons","count":1},{"id":"3963033924","displayText":"Thomsons Deli","count":14},{"id":"3203040388","displayText":"Tibaldi","count":3},{"id":"2836652441","displayText":"Tidbit","count":2},{"id":"4086821999","displayText":"Tidbit Foods","count":2},{"id":"1265771878","displayText":"Tipco","count":4},{"id":"1277752493","displayText":"TLY","count":3},{"id":"3326978873","displayText":"Tobys Estate","count":1},{"id":"3942900590","displayText":"Tru-Blue","count":1},{"id":"267808868","displayText":"Udder Delights","count":3},{"id":"1492899903","displayText":"Unicorn","count":6},{"id":"4033584399","displayText":"V2","count":4},{"id":"2641144892","displayText":"V2 Burger Beef","count":1},{"id":"2218144384","displayText":"Vaalia","count":15},{"id":"2639753752","displayText":"Veef","count":2},{"id":"4099744174","displayText":"Vegegold","count":1},{"id":"385308316","displayText":"Vegie Delights","count":4},{"id":"804051565","displayText":"Vitasoy","count":21},{"id":"1122603991","displayText":"Western Star","count":11},{"id":"4247838607","displayText":"Westgold","count":4},{"id":"84910917","displayText":"Westminster","count":3},{"id":"209964905","displayText":"Wicked","count":3},{"id":"2243304464","displayText":"Wicked Sister","count":7},{"id":"3231764473","displayText":"Wik","count":1},{"id":"2476786117","displayText":"Wildly Good","count":9},{"id":"427878496","displayText":"Yakult","count":3},{"id":"767100485","displayText":"Yallamundi Farm","count":2},{"id":"3560869657","displayText":"Yarra Valley","count":6},{"id":"2463430787","displayText":"Yensons","count":3},{"id":"1376153135","displayText":"Yeos","count":2},{"id":"3749397788","displayText":"Yi Ke Yi","count":1},{"id":"2799909444","displayText":"YogN Oats","count":3},{"id":"2202615230","displayText":"Yogo","count":4},{"id":"1063164833","displayText":"Yoplait","count":21},{"id":"3310394651","displayText":"YoPro","count":5},{"id":"4098188309","displayText":"York Foods","count":1},{"id":"2010196616","displayText":"Youfoodz","count":25},{"id":"2276655054","displayText":"Youfoodz Fueld","count":1},{"id":"1396542742","displayText":"Yumis","count":42},{"id":"283371387","displayText":"Zanetti","count":3},{"id":"318089060","displayText":"Zoosh","count":4}]},{"name":"Allergen","values":[{"id":"9","displayText":"Gluten Free","count":269},{"id":"7","displayText":"Free from Artificial Colours","count":119},{"id":"1005","displayText":"Free from Artificial Flavours","count":116},{"id":"10","displayText":"Lactose Free","count":66},{"id":"8","displayText":"Free from Artificial Preservatives","count":53},{"id":"1003","displayText":"Dairy Free","count":48},{"id":"1009","displayText":"No Added Sugar","count":28},{"id":"1008","displayText":"Milk Free","count":27},{"id":"1002","displayText":"Cholesterol Free","count":22},{"id":"1015","displayText":"Soy Free","count":17},{"id":"1010","displayText":"Nut Free","count":13},{"id":"5","displayText":"Egg Free","count":13},{"id":"13","displayText":"Tree Nut Free","count":10},{"id":"1004","displayText":"Fish Free","count":7},{"id":"1007","displayText":"MSG Free","count":7},{"id":"1013","displayText":"Rye Free","count":7},{"id":"4","displayText":"Crustacea Free","count":7},{"id":"11","displayText":"Peanut Free","count":6},{"id":"14","displayText":"Wheat Free","count":6},{"id":"1014","displayText":"Sesame Free","count":5},{"id":"12","displayText":"Sulphite Free","count":5},{"id":"1","displayText":"Additive Free","count":5},{"id":"1001","displayText":"Caffeine Free","count":3},{"id":"1006","displayText":"Hazelnut Free","count":3},{"id":"1011","displayText":"Oats Free","count":3},{"id":"3","displayText":"Cereal Free","count":3},{"id":"2","displayText":"Barley Free","count":2},{"id":"15","displayText":"Yeast Free","count":1}]},{"name":"Dietary","values":[{"id":"1048","displayText":"GMO free","count":220},{"id":"33","displayText":"Vegetarian","count":173},{"id":"1023","displayText":"No Artificial Flavours or Colours","count":170},{"id":"22","displayText":"No Preservatives","count":161},{"id":"1033","displayText":"Vegan","count":121},{"id":"1024","displayText":"Source of Calcium","count":106},{"id":"31","displayText":"Halal","count":106},{"id":"21","displayText":"No Added Sugars","count":76},{"id":"32","displayText":"Kosher","count":37},{"id":"1032","displayText":"Organic","count":25},{"id":"1019","displayText":"Cholesterol free","count":24},{"id":"1018","displayText":"99% Fat Free","count":13},{"id":"18","displayText":"Low in Sugar","count":8},{"id":"17","displayText":"High in Fibre","count":6},{"id":"24","displayText":"Source of Dietary Fibre","count":6},{"id":"1047","displayText":"Free range","count":5},{"id":"25","displayText":"Source of Iron","count":5},{"id":"19","displayText":"No Added Colours","count":4},{"id":"1017","displayText":"98% Fat Free","count":2},{"id":"1021","displayText":"Low GI","count":2},{"id":"16","displayText":"97% Fat Free","count":1}]},{"name":"Special","values":[{"id":"allspecials","displayText":"All specials","count":487},{"id":"multibuy","displayText":"Multi buy","count":181},{"id":"halfprice","displayText":"Half price","count":20},{"id":"onlineonly","displayText":"Online only","count":6}]}],"banners":[{"_type":"STANDARD_BANNER","adId":"shotgun_uE-NKKhRRoV0ZopbVjeImODWMiwKCgoINjI1ODQ5OFASABoMCKzYmrkGEOH-6dMCIgIIAQ==","adSource":"citrus","campaignName":"Smoothies_Aisle_Banner-87a0b58b0f20d072bd189d76af7c70b9","expiry":"2024-11-02T22:48:12.712671Z","headingText":"Rokeby Protein Smoothies","bannerText":"Natural Straight - up nutrition - 30g Protein","bannerTextColour":"ffffff","ctaFlag":true,"ctaText":"Shop now","ctaTextAccessibility":"Rokeby Dutch Chocolate Smoothie","ctaLink":"/product/rokeby-farms-smoothie-dutch-chocolate-425ml-1944192","backgroundColour":"2A5135","backgroundImage":"https://coles.flavedo.io/citrus/a6f1b995-a01f-4542-8efb-243ad7472d5e","backgroundImagePosition":"fill","heroImage":"https://coles.flavedo.io/citrus/36c71567-25e5-4747-b3cd-931e4be38d7c","heroImageAltText":"Rokeby Protein Smoothies","productIds":["6258498","3905307","3907335","1944192","6248519"],"additionalFields":[{"id":"theme","value":"light"}]}],"adMemoryToken":"qkewZOMcEgRIdjZURNmmCpOsh8cKmQEKDBIKCggxNDM1MTAwUAoMEgoKCDMzNDk4MzdQCgwSCgoINTkzODY5MFAKDBIKCgg1OTM4NzI2UAoMEgoKCDMzNDk4NzBQCgwSCgoINTkzODcwNFAKDBIKCggyNzQ1MzQwUAoMEgoKCDUzNzY2NTlQCgwSCgoINTQwNDExMFAKDBIKCgg1OTM4NzE1UBILCO+ogLkGEKfci10KmgEKDBIKCgg4NzM5MTQ3UAoMEgoKCDgwODczNTJQCgwSCgoINjAyNjg5MFAKDBIKCgg1OTM4NjAyUAoMEgoKCDU0MDQxMDlQCgwSCgoINTA1MTg1OFAKDBIKCgg1MjMzMjMyUAoMEgoKCDgwODc1ODlQCgwSCgoIODA4NzU3OFAKDBIKCgg1MjIwMjQxUBIMCPeogLkGEKuCmd8BCpkBCgwSCgoINTI4MDIzMlAKDBIKCgg1NDY5MTgxUAoMEgoKCDYxMjYzNTFQCgwSCgoINzI5NDQwOVAKDBIKCgg1OTM5MzMyUAoMEgoKCDU5Mzg2MTNQCgwSCgoINjYyNzAzMFAKDBIKCgg2MzkzOTE1UAoMEgoKCDUwNTE3OTBQCgsSCQoHMjc5OTM5UBIMCKypgLkGELOw2NICGgIIAiIA","pageRestrictions":{"tobaccoProducts":false,"restrictedByOrganisationProducts":false},"results":[{"_type":"PRODUCT","id":8145346,"adId":null,"adSource":null,"featured":false,"name":"Cheese Shredded Tasty Light","brand":"Coles","description":"COLES CHEESE SHREDDED TASTY LIGHT","size":"700g","availability":true,"availabilityType":"InStoreAndOnline","imageUris":[{"altText":"","type":"default","uri":"/8/8145346.jpg"}],"locations":[{"aisleSide":null,"description":"Aisle information is not available for this product. Please ask a Team Member at $STORE to help you find this product.","facing":0,"aisle":null,"order":9999,"shelf":null}],"restrictions":{"retailLimit":20,"promotionalLimit":20,"liquorAgeRestrictionFlag":false,"tobaccoAgeRestrictionFlag":false,"restrictedByOrganisation":false,"delivery":["OVN","REMOTE SERVICE","TEMP"]},"merchandiseHeir":{"tradeProfitCentre":"DAIRY","categoryGroup":"DAIRY","category":"CHEESE DAIRY","subCategory":"COOKING GRATED","className":"TASTY LIGHT CHEDDAR"},"onlineHeirs":[{"aisle":"Grated Cheese","category":"Cheese","subCategory":"Dairy, Eggs \u0026 Fridge","categoryId":"8882200","aisleId":"8882210","subCategoryId":"1300"}],"pricing":{"now":9.5,"was":0,"unit":{"quantity":1,"ofMeasureQuantity":1,"ofMeasureUnits":"kg","price":13.57,"ofMeasureType":"kg","isWeighted":false,"isIncremental":false},"comparable":"$13.57 per 1kg","promotionType":"EVERYDAY","onlineSpecial":false}},{"_type":"SINGLE_TILE","adId":"aisle_ctatile_supplier_br360_29040_47163","adSource":"aem","campaignName":"/content/dam/coles-onesite/contentfragment/ecommerce-supplier-media/23-10/single-tile/47163_wicked_sister_st_aisle_dairy_eggs_fridge","expiry":null,"headingText":null,"bannerText":"New Wicked Sister 510g High Protein - tastes wicked","bannerTextColour":null,"ctaFlag":null,"ctaText":"View recipe","ctaTextAccessibility":"Shop Wicked Sister","ctaLink":"/recipes-inspiration/recipes/h/high-protein-berry-creme-brulee?pid=aisle_ctatile_supplier_br360_29040_47163","backgroundColour":null,"backgroundImage":"/content/dam/coles/cusp/suppliers/fy25/23-10-24/29040-47163-singletile-bg-v2.png","backgroundImagePosition":null,"secondaryBackgroundImage":null,"secondaryBackgroundImagePosition":null,"heroImage":null,"heroImageAltText":null,"secondaryHeroImage":null,"secondaryHeroImageAltText":null,"productIds":["8694071","5422541","3571948 ","134040 ","134029 "],"additionalFields":[{"id":"roundel","value":"New"}]},{"_type":"PRODUCT","id":5280232,"adId":"display_NRqVFl1R5Z-KLxeDnpsjPe7PLlwKCgoINTI4MDIzMlASABoMCKzYmrkGEJ_8kNkCIgIIAQ==","adSource":"citrus","featured":true,"name":"Fresh Spinach \u0026 Ricotta Agnolotti Pasta","brand":"Latina","description":"LATINA FRESH SPINACH \u0026 RICOTTA AGNOLOTTI PASTA 375G","size":"375g","availability":true,"availabilityType":"InStoreAndOnline","imageUris":[{"altText":"","type":"default","uri":"/5/5280232.jpg"}],"locations":[{"aisleSide":null,"description":"Aisle information is not available for this product. Please ask a Team Member at $STORE to help you find this product.","facing":0,"aisle":null,"order":9999,"shelf":null}],"restrictions":{"retailLimit":20,"promotionalLimit":12,"liquorAgeRestrictionFlag":false,"tobaccoAgeRestrictionFlag":false,"restrictedByOrganisation":false,"delivery":["OVN","REMOTE SERVICE","TEMP"]},"merchandiseHeir":{"tradeProfitCentre":"DAIRY","categoryGroup":"DAIRY","category":"MEALS","subCategory":"CHILL PASTA","className":"PASTA SERVES 2"},"onlineHeirs":[{"aisle":"Italian Meals \u0026 Pasta","category":"Ready To Eat Meals","subCategory":"Dairy, Eggs \u0026 Fridge","categoryId":"477564","aisleId":"15213","subCategoryId":"1300"},{"aisle":"Fresh Pasta \u0026 Noodles","category":"Fresh Pasta \u0026 Sauces","subCategory":"Dairy, Eggs \u0026 Fridge","categoryId":"777844","aisleId":"421112","subCategoryId":"1300"},{"aisle":"Pizza, Pasta \u0026 Sauces","category":"Easy School Night Dinners","subCategory":"Back To School","categoryId":"8910000","aisleId":"8914202","subCategoryId":"8904801"}],"pricing":{"now":8,"was":0,"unit":{"quantity":1,"ofMeasureQuantity":100,"ofMeasureUnits":"g","price":2.13,"ofMeasureType":"g","isWeighted":false,"isIncremental":false},"comparable":"$2.13 per 100g","promotionType":"SPECIAL","specialType":"MULTI_SAVE","onlineSpecial":false,"offerDescription":"Pick any 2 for $13","multiBuyPromotion":{"type":"MultibuyMultiSku","id":"727963885","minQuantity":2,"reward":6.5}},"variations":{"total":2}},{"_type":"PRODUCT","id":5469181,"adId":"display_AEL1cPv_j9GjXhm9_wG7BJwO_ZQKCgoINTQ2OTE4MVASABoMCKzYmrkGEMaMktkCIgIIAQ==","adSource":"citrus","featured":true,"name":"Fresh Ricotta \u0026 Spinach Agnolotti Pasta 4 Serve","brand":"Latina","description":"LATINA FRESH RICOTTA \u0026 SPINACH AGNOLOTTI PASTA 4 SERVE 625G","size":"625g","availability":true,"availabilityType":"InStoreAndOnline","imageUris":[{"altText":"","type":"default","uri":"/5/5469181.jpg"}],"locations":[{"aisleSide":null,"description":"Aisle information is not available for this product. Please ask a Team Member at $STORE to help you find this product.","facing":0,"aisle":null,"order":9999,"shelf":null}],"restrictions":{"retailLimit":20,"promotionalLimit":12,"liquorAgeRestrictionFlag":false,"tobaccoAgeRestrictionFlag":false,"restrictedByOrganisation":false,"delivery":["OVN","REMOTE SERVICE","TEMP"]},"merchandiseHeir":{"tradeProfitCentre":"DAIRY","categoryGroup":"DAIRY","category":"MEALS","subCategory":"CHILL PASTA","className":"PASTA SERVES 4"},"onlineHeirs":[{"aisle":"Italian Meals \u0026 Pasta","category":"Ready To Eat Meals","subCategory":"Dairy, Eggs \u0026 Fridge","categoryId":"477564","aisleId":"15213","subCategoryId":"1300"},{"aisle":"Fresh Pasta \u0026 Noodles","category":"Fresh Pasta \u0026 Sauces","subCategory":"Dairy, Eggs \u0026 Fridge","categoryId":"777844","aisleId":"421112","subCategoryId":"1300"}],"pricing":{"now":11,"was":0,"unit":{"quantity":1,"ofMeasureQuantity":100,"ofMeasureUnits":"g","price":1.76,"ofMeasureType":"g","isWeighted":false,"isIncremental":false},"comparable":"$1.76 per 100g","onlineSpecial":false},"variations":{"total":4}},{"_type":"SINGLE_TILE","adId":"ctatile_goodmanfielder_br360_27056","adSource":"aem","campaignName":"/content/dam/coles-onesite/contentfragment/ecommerce-supplier-media/04-09/single-tile/41935_olive_grove_single_aisle_dairy_eggs_fridge","expiry":null,"headingText":null,"bannerText":"Taste the goodness of Olive Grove","bannerTextColour":null,"ctaFlag":null,"ctaText":"Shop now","ctaTextAccessibility":"Shop Olive Grove","ctaLink":"/promotions/olive-grove-butter?pid=ctatile_goodmanfielder_br360_27056","backgroundColour":null,"backgroundImage":"/content/dam/coles/cusp/suppliers/fy25/04-09-24/27056-goodman-fielder-olive-single-bg.jpg","backgroundImagePosition":null,"secondaryBackgroundImage":null,"secondaryBackgroundImagePosition":null,"heroImage":"/content/dam/coles/cusp/suppliers/fy25/04-09-24/27056-goodman-fielder-olive-single-fg.png","heroImageAltText":"olive grove butter","secondaryHeroImage":null,"secondaryHeroImageAltText":null,"productIds":["5448589"],"additionalFields":[{"id":"roundel","value":"TryNow"}]},{"_type":"PRODUCT","id":6126351,"adId":"display_ULh5Ua-usuLDDuA29ZXaSp9zDbkKCgoINjEyNjM1MVASABoMCKzYmrkGEPauktkCIgIIAQ==","adSource":"citrus","featured":true,"name":"Plant Based Sliced Cheese","brand":"Cheer","description":"CHEER PLANT BASED SLICED CHEESE 200G","size":"200g","availability":true,"availabilityType":"InStoreAndOnline","imageUris":[{"altText":"","type":"default","uri":"/6/6126351.jpg"}],"locations":[{"aisleSide":null,"description":"Aisle information is not available for this product. Please ask a Team Member at $STORE to help you find this product.","facing":0,"aisle":null,"order":9999,"shelf":null}],"restrictions":{"retailLimit":20,"promotionalLimit":12,"liquorAgeRestrictionFlag":false,"tobaccoAgeRestrictionFlag":false,"restrictedByOrganisation":false},"merchandiseHeir":{"tradeProfitCentre":"DAIRY","categoryGroup":"DAIRY","category":"CHILLED HEALTHFOODS","subCategory":"DF CHEESE","className":"SLICE"},"onlineHeirs":[{"aisle":"Vegan Cheese","category":"Vegetarian \u0026 Vegan","subCategory":"Dairy, Eggs \u0026 Fridge","categoryId":"4778877","aisleId":"8909600","subCategoryId":"1300"}],"pricing":{"now":7,"was":0,"unit":{"quantity":1,"ofMeasureQuantity":1,"ofMeasureUnits":"kg","price":35,"ofMeasureType":"kg","isWeighted":false,"isIncremental":false},"comparable":"$35.00 per 1kg","onlineSpecial":false}},{"_type":"PRODUCT","id":7294409,"adId":"display_ejVU7dbE347hV5JEsLB9G5kbYeEKCgoINzI5NDQwOVASABoMCKzYmrkGEKLXktkCIgIIAQ==","adSource":"citrus","featured":true,"name":"Fresh Roast Chicken \u0026 Garlic Ravioli Pasta 4 Serve","brand":"Latina","description":"LATINA FRESH ROAST CHICKEN \u0026 GARLIC RAVIOLI PASTA 4 SERVE 625G","size":"625g","availability":true,"availabilityType":"InStoreAndOnline","imageUris":[{"altText":"","type":"default","uri":"/7/7294409.jpg"}],"locations":[{"aisleSide":null,"description":"Aisle information is not available for this product. Please ask a Team Member at $STORE to help you find this product.","facing":0,"aisle":null,"order":9999,"shelf":null}],"restrictions":{"retailLimit":20,"promotionalLimit":12,"liquorAgeRestrictionFlag":false,"tobaccoAgeRestrictionFlag":false,"restrictedByOrganisation":false,"delivery":["OVN","REMOTE SERVICE","TEMP"]},"merchandiseHeir":{"tradeProfitCentre":"DAIRY","categoryGroup":"DAIRY","category":"MEALS","subCategory":"CHILL PASTA","className":"PASTA SERVES 4"},"onlineHeirs":[{"aisle":"Italian Meals \u0026 Pasta","category":"Ready To Eat Meals","subCategory":"Dairy, Eggs \u0026 Fridge","categoryId":"477564","aisleId":"15213","subCategoryId":"1300"},{"aisle":"Fresh Pasta \u0026 Noodles","category":"Fresh Pasta \u0026 Sauces","subCategory":"Dairy, Eggs \u0026 Fridge","categoryId":"777844","aisleId":"421112","subCategoryId":"1300"}],"pricing":{"now":11,"was":0,"unit":{"quantity":1,"ofMeasureQuantity":100,"ofMeasureUnits":"g","price":1.76,"ofMeasureType":"g","isWeighted":false,"isIncremental":false},"comparable":"$1.76 per 100g","onlineSpecial":false}},{"_type":"SINGLE_TILE","adId":"aisle_ctatile_supplier_br360_28157_44692","adSource":"aem","campaignName":"/content/dam/coles-onesite/contentfragment/ecommerce-supplier-media/23-10/single-tile/44692_sistema_st_aisle_dairy_eggs_fridge","expiry":null,"headingText":null,"bannerText":"Fridge organisation made simple with Sistema","bannerTextColour":null,"ctaFlag":null,"ctaText":"Shop now","ctaTextAccessibility":"Shop Sistema","ctaLink":"/promotions/sistema-containers?pid=aisle_ctatile_supplier_br360_28157_44692","backgroundColour":null,"backgroundImage":"/content/dam/coles/cusp/suppliers/fy25/23-10-24/28157-singletile-bg-Diary Eggs and Fridge.jpg","backgroundImagePosition":null,"secondaryBackgroundImage":null,"secondaryBackgroundImagePosition":null,"heroImage":null,"heroImageAltText":null,"secondaryHeroImage":null,"secondaryHeroImageAltText":null,"productIds":["3793906","3794137","3794400","3794181","3794465"],"additionalFields":[{"id":"roundel","value":"SimpleFixedPriceSpecials"},{"id":"description","value":"Storage solutions that inspire you."},{"id":"savePercentage","value":"50"}]},{"_type":"PRODUCT","id":5939332,"adId":"display_I7zGNhH3NL3rTKwru4_WA8ncT4sKCgoINTkzOTMzMlASABoMCKzYmrkGEND_ktkCIgIIAQ==","adSource":"citrus","featured":true,"name":"Greek Yogurt Natural Light","brand":"Chobani","description":"CHOBANI GREEK YOGURT NATURAL LIGHT","size":"160g","availability":true,"availabilityType":"InStoreAndOnline","imageUris":[{"altText":"","type":"default","uri":"/5/5939332.jpg"}],"locations":[{"aisleSide":null,"description":"Aisle information is not available for this product. Please ask a Team Member at $STORE to help you find this product.","facing":0,"aisle":null,"order":9999,"shelf":null}],"restrictions":{"retailLimit":20,"promotionalLimit":20,"liquorAgeRestrictionFlag":false,"tobaccoAgeRestrictionFlag":false,"restrictedByOrganisation":false},"merchandiseHeir":{"tradeProfitCentre":"DAIRY","categoryGroup":"DAIRY","category":"CHILLED DESSERTS","subCategory":"YOGHURT","className":"SINGLE GREEK"},"onlineHeirs":[{"aisle":"Single Serve","category":"Yoghurt","subCategory":"Dairy, Eggs \u0026 Fridge","categoryId":"8915804","aisleId":"8915822","subCategoryId":"1300"},{"aisle":"Frozen Desserts","category":"Dairy, Chilled \u0026 Frozen","subCategory":"Down Down","categoryId":"8906011","aisleId":"8915867","subCategoryId":"8906007"}],"pricing":{"now":2.15,"was":2.7,"saveAmount":0.55,"priceDescription":"Was $2.70 on Sep 2024","unit":{"quantity":1,"ofMeasureQuantity":100,"ofMeasureUnits":"g","price":1.34,"ofMeasureType":"g","isWeighted":false,"isIncremental":false},"comparable":"$1.34 per 100g","promotionType":"DOWNDOWN","onlineSpecial":false},"variations":{"total":2}},{"_type":"PRODUCT","id":5938613,"adId":"display_unewodO1vreg24lNpXcmLBJFevwKCgoINTkzODYxM1ASABoMCKzYmrkGELKxk9kCIgIIAQ==","adSource":"citrus","featured":true,"name":"Greek Yogurt Lemon","brand":"Chobani","description":"CHOBANI GREEK YOGURT LEMON","size":"160g","availability":true,"availabilityType":"InStoreAndOnline","imageUris":[{"altText":"","type":"default","uri":"/5/5938613.jpg"}],"locations":[{"aisleSide":null,"description":"Aisle information is not available for this product. Please ask a Team Member at $STORE to help you find this product.","facing":0,"aisle":null,"order":9999,"shelf":null}],"restrictions":{"retailLimit":20,"promotionalLimit":20,"liquorAgeRestrictionFlag":false,"tobaccoAgeRestrictionFlag":false,"restrictedByOrganisation":false},"merchandiseHeir":{"tradeProfitCentre":"DAIRY","categoryGroup":"DAIRY","category":"CHILLED DESSERTS","subCategory":"YOGHURT","className":"SINGLE GREEK"},"onlineHeirs":[{"aisle":"Single Serve","category":"Yoghurt","subCategory":"Dairy, Eggs \u0026 Fridge","categoryId":"8915804","aisleId":"8915822","subCategoryId":"1300"},{"aisle":"Frozen Desserts","category":"Dairy, Chilled \u0026 Frozen","subCategory":"Down Down","categoryId":"8906011","aisleId":"8915867","subCategoryId":"8906007"}],"pricing":{"now":2.15,"was":2.7,"saveAmount":0.55,"priceDescription":"Was $2.70 on Sep 2024","unit":{"quantity":1,"ofMeasureQuantity":100,"ofMeasureUnits":"g","price":1.34,"ofMeasureType":"g","isWeighted":false,"isIncremental":false},"comparable":"$1.34 per 100g","promotionType":"DOWNDOWN","onlineSpecial":false},"variations":{"total":1}},{"_type":"SINGLE_TILE","adId":"shotgun__15VqqLlcTaXxjHZc4EMj4buUj4KCgoIODQ0MTM3MVASABoMCKzYmrkGEPr0gNUCIgIIAQ==","adSource":"citrus","campaignName":"Green-Goddess_Aisle_2025_Single-Tile-e51b9de7a2118373c3e22207c77036e9","expiry":"2024-11-02T22:48:12.7151438Z","headingText":"Single tile ad of Seasonal Edition Dip - green goddess","bannerText":"Seasonal Edition: Green Goddess","bannerTextColour":"ffffff","ctaFlag":true,"ctaText":"Shop now","ctaTextAccessibility":"Shop now Green Goddess Dip","ctaLink":"/product/black-swan-seasonal-edition-green-goddess-dip-180g-8441371","backgroundColour":"ffffff","backgroundImage":"https://coles.flavedo.io/citrus/2819c1c1-f8d4-4ab9-b640-3cc6a59cf119","backgroundImagePosition":"fill","secondaryBackgroundImage":null,"secondaryBackgroundImagePosition":null,"heroImage":"https://coles.flavedo.io/citrus/a89132e2-9c86-485e-8a91-a20976f5ab67","heroImageAltText":"Image of Green Goddess dip tub","secondaryHeroImage":null,"secondaryHeroImageAltText":null,"productIds":["8441371"],"additionalFields":[{"id":"description","value":"Great as a dip, on a salad or in a wrap!"},{"id":"roundelCode","value":"1"}]},{"_type":"PRODUCT","id":6627030,"adId":"display_z9thzUbGTBXIYkroPIjqOCCJFlEKCgoINjYyNzAzMFASABoMCKzYmrkGEOKAlNkCIgIIAQ==","adSource":"citrus","featured":true,"name":"Greek Yogurt Tropical","brand":"Chobani","description":"CHOBANI GREEK YOGURT TROPICAL 160G","size":"160g","availability":true,"availabilityType":"InStoreAndOnline","imageUris":[{"altText":"","type":"default","uri":"/6/6627030.jpg"}],"locations":[{"aisleSide":null,"description":"Aisle information is not available for this product. Please ask a Team Member at $STORE to help you find this product.","facing":0,"aisle":null,"order":9999,"shelf":null}],"restrictions":{"retailLimit":20,"promotionalLimit":20,"liquorAgeRestrictionFlag":false,"tobaccoAgeRestrictionFlag":false,"restrictedByOrganisation":false},"merchandiseHeir":{"tradeProfitCentre":"DAIRY","categoryGroup":"DAIRY","category":"CHILLED DESSERTS","subCategory":"YOGHURT","className":"SINGLE GREEK"},"onlineHeirs":[{"aisle":"Single Serve","category":"Yoghurt","subCategory":"Dairy, Eggs \u0026 Fridge","categoryId":"8915804","aisleId":"8915822","subCategoryId":"1300"},{"aisle":"Frozen Desserts","category":"Dairy, Chilled \u0026 Frozen","subCategory":"Down Down","categoryId":"8906011","aisleId":"8915867","subCategoryId":"8906007"}],"pricing":{"now":2.15,"was":2.7,"saveAmount":0.55,"priceDescription":"Was $2.70 on Sep 2024","unit":{"quantity":1,"ofMeasureQuantity":100,"ofMeasureUnits":"g","price":1.34,"ofMeasureType":"g","isWeighted":false,"isIncremental":false},"comparable":"$1.34 per 100g","promotionType":"DOWNDOWN","onlineSpecial":false},"variations":{"total":1}},{"_type":"PRODUCT","id":6393915,"adId":"display_trsAO1yUsM2CLJizG6jYeOHFVhMKCgoINjM5MzkxNVASABoMCKzYmrkGEOS5lNkCIgIIAQ==","adSource":"citrus","featured":true,"name":"Fresh Kids Mini Ravioli Pasta Beef \u0026 Vegetable","brand":"Latina","description":"LATINA FRESH KIDS MINI RAVIOLI PASTA BEEF \u0026 VEGETABLE 200G","size":"200g","availability":true,"availabilityType":"InStoreAndOnline","imageUris":[{"altText":"","type":"default","uri":"/6/6393915.jpg"}],"locations":[{"aisleSide":null,"description":"Aisle information is not available for this product. Please ask a Team Member at $STORE to help you find this product.","facing":0,"aisle":null,"order":9999,"shelf":null}],"restrictions":{"retailLimit":20,"promotionalLimit":12,"liquorAgeRestrictionFlag":false,"tobaccoAgeRestrictionFlag":false,"restrictedByOrganisation":false,"delivery":["OVN","REMOTE SERVICE"]},"merchandiseHeir":{"tradeProfitCentre":"DAIRY","categoryGroup":"DAIRY","category":"MEALS","subCategory":"CHILL PASTA","className":"PASTA SERVES 2"},"onlineHeirs":[{"aisle":"Italian Meals \u0026 Pasta","category":"Ready To Eat Meals","subCategory":"Dairy, Eggs \u0026 Fridge","categoryId":"477564","aisleId":"15213","subCategoryId":"1300"},{"aisle":"Fresh Pasta \u0026 Noodles","category":"Fresh Pasta \u0026 Sauces","subCategory":"Dairy, Eggs \u0026 Fridge","categoryId":"777844","aisleId":"421112","subCategoryId":"1300"}],"pricing":{"now":6,"was":0,"unit":{"quantity":1,"ofMeasureQuantity":100,"ofMeasureUnits":"g","price":3,"ofMeasureType":"g","isWeighted":false,"isIncremental":false},"comparable":"$3.00 per 100g","onlineSpecial":false},"variations":{"total":1}},{"_type":"SINGLE_TILE","adId":"shotgun_0kFshKFaByAn6HU4Ybie7cPkkwIKCgoINTA2Mjc3NFASABoMCKzYmrkGEPOqgtUCIgIIAQ==","adSource":"citrus","campaignName":"DARI'S-Banner-Aisle-6b905ac39c0b28316c1dd292e1494e5a","expiry":"2024-11-02T22:48:12.715167Z","headingText":"Keep warm with DARI'S soups new extensive range!","bannerText":"Try DARI'S today, it's soup that feels like home.","bannerTextColour":"ffffff","ctaFlag":true,"ctaText":"Shop now","ctaTextAccessibility":"Find the whole DARI'S range here!","ctaLink":"/search/products?q=dari%27s%20soup","backgroundColour":"ffffff","backgroundImage":"https://coles.flavedo.io/citrus/9f49a419-bff6-46c1-953c-4b59064e2e73","backgroundImagePosition":"fill","secondaryBackgroundImage":null,"secondaryBackgroundImagePosition":null,"heroImage":null,"heroImageAltText":null,"secondaryHeroImage":null,"secondaryHeroImageAltText":null,"productIds":["7831439","5063824","5062774","7831381","7895067","1196600","6257418","2885601","3756284","1196611"],"additionalFields":[{"id":"roundelCode","value":"13"}]},{"_type":"PRODUCT","id":5051790,"adId":"display_ItBMfK3yl-u1T2AthHN-SZqgNoQKCgoINTA1MTc5MFASABoMCKzYmrkGEL7ulNkCIgIIAQ==","adSource":"citrus","featured":true,"name":"Fresh Egg Fettuccine Pasta","brand":"Latina","description":"LATINA FRESH EGG FETTUCCINE PASTA 375G","size":"375g","availability":true,"availabilityType":"InStoreAndOnline","imageUris":[{"altText":"","type":"default","uri":"/5/5051790.jpg"}],"locations":[{"aisleSide":null,"description":"Aisle information is not available for this product. Please ask a Team Member at $STORE to help you find this product.","facing":0,"aisle":null,"order":9999,"shelf":null}],"restrictions":{"retailLimit":20,"promotionalLimit":12,"liquorAgeRestrictionFlag":false,"tobaccoAgeRestrictionFlag":false,"restrictedByOrganisation":false,"delivery":["OVN","REMOTE SERVICE","TEMP"]},"merchandiseHeir":{"tradeProfitCentre":"DAIRY","categoryGroup":"DAIRY","category":"MEALS","subCategory":"CHILL PASTA","className":"PASTA UNFILLED"},"onlineHeirs":[{"aisle":"Italian Meals \u0026 Pasta","category":"Ready To Eat Meals","subCategory":"Dairy, Eggs \u0026 Fridge","categoryId":"477564","aisleId":"15213","subCategoryId":"1300"},{"aisle":"Fresh Pasta \u0026 Noodles","category":"Fresh Pasta \u0026 Sauces","subCategory":"Dairy, Eggs \u0026 Fridge","categoryId":"777844","aisleId":"421112","subCategoryId":"1300"}],"pricing":{"now":5.4,"was":6,"saveAmount":0.6,"saveStatement":"save $0.60","unit":{"quantity":1,"ofMeasureQuantity":100,"ofMeasureUnits":"g","price":1.44,"ofMeasureType":"g","isWeighted":false,"isIncremental":false},"comparable":"$1.44 per 100g","promotionType":"SPECIAL","onlineSpecial":false},"variations":{"total":1}},{"_type":"PRODUCT","id":279939,"adId":"display_KYHgnASTaRq2AdAxe5-S5jME-UwKCQoHMjc5OTM5UBIAGgwIrNiauQYQ2KWV2QIiAggB","adSource":"citrus","featured":true,"name":"Custard Vanilla","brand":"Pauls","description":"PAULS CUSTARD VANILLA 1KG","size":"1kg","availability":true,"availabilityType":"InStoreAndOnline","imageUris":[{"altText":"","type":"default","uri":"/2/279939.jpg"}],"locations":[{"aisleSide":null,"description":"Aisle information is not available for this product. Please ask a Team Member at $STORE to help you find this product.","facing":0,"aisle":null,"order":9999,"shelf":null}],"restrictions":{"retailLimit":20,"promotionalLimit":12,"liquorAgeRestrictionFlag":false,"tobaccoAgeRestrictionFlag":false,"restrictedByOrganisation":false,"delivery":["OVN","REMOTE SERVICE","TEMP"]},"merchandiseHeir":{"tradeProfitCentre":"DAIRY","categoryGroup":"DAIRY","category":"CHILLED DESSERTS","subCategory":"CUSTARDS","className":"FULL FAT"},"onlineHeirs":[{"aisle":"Custards","category":"Cream \u0026 Custard","subCategory":"Dairy, Eggs \u0026 Fridge","categoryId":"8915801","aisleId":"8915811","subCategoryId":"1300"}],"pricing":{"now":5,"was":0,"unit":{"quantity":1,"ofMeasureQuantity":100,"ofMeasureUnits":"g","price":0.5,"ofMeasureType":"g","isWeighted":false,"isIncremental":false},"comparable":"$0.50 per 100g","onlineSpecial":false},"variations":{"total":7}},{"_type":"PRODUCT","id":6604351,"adId":null,"adSource":null,"featured":false,"name":"Yogurt Natural Greek Style","brand":"Farmers Union","description":"FARMERS UNION YOGURT NATURAL GREEK STYLE 240G","size":"240g","availability":true,"availabilityType":"InStoreAndOnline","imageUris":[{"altText":"","type":"default","uri":"/6/6604351.jpg"}],"locations":[{"aisleSide":null,"description":"Aisle information is not available for this product. Please ask a Team Member at $STORE to help you find this product.","facing":0,"aisle":null,"order":9999,"shelf":null}],"restrictions":{"retailLimit":20,"promotionalLimit":20,"liquorAgeRestrictionFlag":false,"tobaccoAgeRestrictionFlag":false,"restrictedByOrganisation":false},"merchandiseHeir":{"tradeProfitCentre":"DAIRY","categoryGroup":"DAIRY","category":"CHILLED DESSERTS","subCategory":"YOGHURT","className":"SINGLE GREEK"},"onlineHeirs":[{"aisle":"Single Serve","category":"Yoghurt","subCategory":"Dairy, Eggs \u0026 Fridge","categoryId":"8915804","aisleId":"8915822","subCategoryId":"1300"}],"pricing":{"now":3.1,"was":0,"unit":{"quantity":1,"ofMeasureQuantity":100,"ofMeasureUnits":"g","price":1.29,"ofMeasureType":"g","isWeighted":false,"isIncremental":false},"comparable":"$1.29 per 100g","promotionType":"EVERYDAY","onlineSpecial":false}},{"_type":"PRODUCT","id":5723490,"adId":null,"adSource":null,"featured":false,"name":"Perfect Pizza Grated Cheese","brand":"Perfect Italiano","description":"PERFECT ITALIANO CHEESE PERFECT PIZZA GRATED 450G","size":"450g","availability":true,"availabilityType":"InStoreAndOnline","imageUris":[{"altText":"","type":"default","uri":"/5/5723490.jpg"}],"locations":[{"aisleSide":null,"description":"Aisle information is not available for this product. Please ask a Team Member at $STORE to help you find this product.","facing":0,"aisle":null,"order":9999,"shelf":null}],"restrictions":{"retailLimit":20,"promotionalLimit":12,"liquorAgeRestrictionFlag":false,"tobaccoAgeRestrictionFlag":false,"restrictedByOrganisation":false,"delivery":["OVN","REMOTE SERVICE","TEMP"]},"merchandiseHeir":{"tradeProfitCentre":"DAIRY","categoryGroup":"DAIRY","category":"CHEESE DAIRY","subCategory":"COOKING GRATED","className":"PIZZA"},"onlineHeirs":[{"aisle":"Grated Cheese","category":"Cheese","subCategory":"Dairy, Eggs \u0026 Fridge","categoryId":"8882200","aisleId":"8882210","subCategoryId":"1300"}],"pricing":{"now":7.5,"was":9.5,"saveAmount":2,"saveStatement":"save $2.00","unit":{"quantity":1,"ofMeasureQuantity":1,"ofMeasureUnits":"kg","price":16.67,"ofMeasureType":"kg","isWeighted":false,"isIncremental":false},"comparable":"$16.67 per 1kg","promotionType":"SPECIAL","onlineSpecial":false}},{"_type":"PRODUCT","id":2151324,"adId":null,"adSource":null,"featured":false,"name":"Margherita Pizza Rolls","brand":"Coles","description":"MARGHERITA PIZZA ROLLS 2PK SC","size":"2 pack","availability":true,"availabilityType":"InStoreAndOnline","imageUris":[{"altText":"","type":"default","uri":"/2/2151324.jpg"}],"locations":[{"aisleSide":null,"description":"Aisle information is not available for this product. Please ask a Team Member at $STORE to help you find this product.","facing":0,"aisle":null,"order":9999,"shelf":null}],"restrictions":{"retailLimit":20,"promotionalLimit":12,"liquorAgeRestrictionFlag":false,"tobaccoAgeRestrictionFlag":false,"restrictedByOrganisation":false,"delivery":["DONUTS","T4T","BUNLET","OVN","TRIAL","YELLO ALEX","TEMP2","WAVE"]},"merchandiseHeir":{"tradeProfitCentre":"BAKEHOUSE","categoryGroup":"IN-STORE BH/BOUTIQUE","category":"INSTORE BREAD","subCategory":"SAVOURY IMPULSE","className":"CHEESE ROLLS"},"onlineHeirs":[{"aisle":"Cheese Rolls, Tear \u0026 Share \u0026 Pizza Rolls","category":"Instore Bakery Savoury Treats","subCategory":"Bakery","categoryId":"8892908","aisleId":"8893204","subCategoryId":"8892906"},{"aisle":"Sandwich \u0026 Wrap Essential","category":"School Lunches \u0026 Snacking","subCategory":"Back To School","categoryId":"8908403","aisleId":"8908425","subCategoryId":"8904801"},{"aisle":"Gourmet Cheese","category":"Cheese","subCategory":"Dairy, Eggs \u0026 Fridge","categoryId":"8882200","aisleId":"8915809","subCategoryId":"1300"}],"pricing":{"now":3.5,"was":4.15,"saveAmount":0.65,"saveStatement":"save $0.65","unit":{"quantity":1,"ofMeasureQuantity":1,"ofMeasureUnits":"ea","price":1.75,"ofMeasureType":"ea","isWeighted":false,"isIncremental":false},"comparable":"$1.75 per 1ea","promotionType":"SPECIAL","onlineSpecial":false}},{"_type":"PRODUCT","id":4405740,"adId":null,"adSource":null,"featured":false,"name":"Cheese Shaved Parmesan","brand":"Perfect Italiano","description":"PERFECT ITALIANO CHEESE SHAVED PARMESAN 125G","size":"125g","availability":true,"availabilityType":"InStoreAndOnline","imageUris":[{"altText":"","type":"default","uri":"/4/4405740.jpg"}],"locations":[{"aisleSide":null,"description":"Aisle information is not available for this product. Please ask a Team Member at $STORE to help you find this product.","facing":0,"aisle":null,"order":9999,"shelf":null}],"restrictions":{"retailLimit":20,"promotionalLimit":12,"liquorAgeRestrictionFlag":false,"tobaccoAgeRestrictionFlag":false,"restrictedByOrganisation":false,"delivery":["OVN","REMOTE SERVICE","TEMP"]},"merchandiseHeir":{"tradeProfitCentre":"DAIRY","categoryGroup":"DAIRY","category":"CHEESE DAIRY","subCategory":"COOKING GRATED","className":"PARMESAN"},"onlineHeirs":[{"aisle":"Grated Cheese","category":"Cheese","subCategory":"Dairy, Eggs \u0026 Fridge","categoryId":"8882200","aisleId":"8882210","subCategoryId":"1300"}],"pricing":{"now":3.5,"was":4.5,"saveAmount":1,"saveStatement":"save $1.00","unit":{"quantity":1,"ofMeasureQuantity":1,"ofMeasureUnits":"kg","price":28,"ofMeasureType":"kg","isWeighted":false,"isIncremental":false},"comparable":"$28.00 per 1kg","promotionType":"SPECIAL","onlineSpecial":false}},{"_type":"PRODUCT","id":1462544,"adId":null,"adSource":null,"featured":false,"name":"Swiss Style Cheese Slices","brand":"Coles","description":"COLES SWISS CHEESE SLICES 200G","size":"200g","availability":true,"availabilityType":"InStoreAndOnline","imageUris":[{"altText":"","type":"default","uri":"/1/1462544.jpg"}],"locations":[{"aisleSide":null,"description":"Aisle information is not available for this product. Please ask a Team Member at $STORE to help you find this product.","facing":0,"aisle":null,"order":9999,"shelf":null}],"restrictions":{"retailLimit":20,"promotionalLimit":12,"liquorAgeRestrictionFlag":false,"tobaccoAgeRestrictionFlag":false,"restrictedByOrganisation":false,"delivery":["OVN","REMOTE SERVICE","TEMP"]},"merchandiseHeir":{"tradeProfitCentre":"DAIRY","categoryGroup":"DAIRY","category":"CHEESE DAIRY","subCategory":"SLICE","className":"SWISS"},"onlineHeirs":[{"aisle":"Sliced Cheese","category":"Cheese","subCategory":"Dairy, Eggs \u0026 Fridge","categoryId":"8882200","aisleId":"8882213","subCategoryId":"1300"}],"pricing":{"now":4.9,"was":0,"unit":{"quantity":1,"ofMeasureQuantity":1,"ofMeasureUnits":"kg","price":24.5,"ofMeasureType":"kg","isWeighted":false,"isIncremental":false},"comparable":"$24.50 per 1kg","onlineSpecial":false}},{"_type":"PRODUCT","id":3246914,"adId":null,"adSource":null,"featured":false,"name":"Yopro Vanilla Yoghurt","brand":"Danone","description":"DANONE YOPRO YOGHURT:VANILLA:.:700 GRAM","size":"700g","availability":true,"availabilityType":"InStoreAndOnline","imageUris":[{"altText":"","type":"default","uri":"/3/3246914.jpg"}],"locations":[{"aisleSide":null,"description":"Aisle information is not available for this product. Please ask a Team Member at $STORE to help you find this product.","facing":0,"aisle":null,"order":9999,"shelf":null}],"restrictions":{"retailLimit":20,"promotionalLimit":20,"liquorAgeRestrictionFlag":false,"tobaccoAgeRestrictionFlag":false,"restrictedByOrganisation":false,"delivery":["OVN","REMOTE SERVICE"]},"merchandiseHeir":{"tradeProfitCentre":"DAIRY","categoryGroup":"DAIRY","category":"CHILLED DESSERTS","subCategory":"YOGHURT","className":"LARGE PROTEIN"},"onlineHeirs":[{"aisle":"Yoghurt Tubs","category":"Yoghurt","subCategory":"Dairy, Eggs \u0026 Fridge","categoryId":"8915804","aisleId":"8915817","subCategoryId":"1300"}],"pricing":{"now":7.5,"was":0,"unit":{"quantity":1,"ofMeasureQuantity":100,"ofMeasureUnits":"g","price":1.07,"ofMeasureType":"g","isWeighted":false,"isIncremental":false},"comparable":"$1.07 per 100g","promotionType":"EVERYDAY","onlineSpecial":false}},{"_type":"PRODUCT","id":6081118,"adId":null,"adSource":null,"featured":false,"name":"Dairy Stringers Original Cheese 12 Pack","brand":"Bega","description":"BEGA CHEESE STRINGERS 12 PACK 240G","size":"240g","availability":true,"availabilityType":"InStoreAndOnline","imageUris":[{"altText":"","type":"default","uri":"/6/6081118.jpg"}],"locations":[{"aisleSide":null,"description":"Aisle information is not available for this product. Please ask a Team Member at $STORE to help you find this product.","facing":0,"aisle":null,"order":9999,"shelf":null}],"restrictions":{"retailLimit":20,"promotionalLimit":12,"liquorAgeRestrictionFlag":false,"tobaccoAgeRestrictionFlag":false,"restrictedByOrganisation":false,"delivery":["OVN","REMOTE SERVICE","TEMP"]},"merchandiseHeir":{"tradeProfitCentre":"DAIRY","categoryGroup":"DAIRY","category":"CHEESE DAIRY","subCategory":"SNACKS KIDS/ADULT","className":"CHEESE STICKS"},"onlineHeirs":[{"aisle":"Cheese Snacks","category":"Cheese","subCategory":"Dairy, Eggs \u0026 Fridge","categoryId":"8882200","aisleId":"8882205","subCategoryId":"1300"},{"aisle":"Lunch Snacks","category":"School Lunches \u0026 Snacking","subCategory":"Back To School","categoryId":"8908403","aisleId":"8910005","subCategoryId":"8904801"}],"pricing":{"now":9.2,"was":0,"unit":{"quantity":1,"ofMeasureQuantity":1,"ofMeasureUnits":"kg","price":38.33,"ofMeasureType":"kg","isWeighted":false,"isIncremental":false},"comparable":"$38.33 per 1kg","onlineSpecial":false}},{"_type":"PRODUCT","id":1198468,"adId":null,"adSource":null,"featured":false,"name":"Thick \u0026 Creamy Strawberry Yoghurt","brand":"Dairy Farmers","description":"DAIRY FARMERS THICK \u0026 CREAMY YOGHURT STRAWBERRY","size":"150g","availability":true,"availabilityType":"InStoreAndOnline","imageUris":[{"altText":"","type":"default","uri":"/1/1198468.jpg"}],"locations":[{"aisleSide":null,"description":"Aisle information is not available for this product. Please ask a Team Member at $STORE to help you find this product.","facing":0,"aisle":null,"order":9999,"shelf":null}],"restrictions":{"retailLimit":20,"promotionalLimit":20,"liquorAgeRestrictionFlag":false,"tobaccoAgeRestrictionFlag":false,"restrictedByOrganisation":false,"delivery":["OVN","REMOTE SERVICE","TEMP"]},"merchandiseHeir":{"tradeProfitCentre":"DAIRY","categoryGroup":"DAIRY","category":"CHILLED DESSERTS","subCategory":"YOGHURT","className":"SINGLE INDULGENT"},"onlineHeirs":[{"aisle":"Cheese \u0026 Yoghurt","category":"Dairy, Chilled \u0026 Frozen","subCategory":"Down Down","categoryId":"8906011","aisleId":"8912013","subCategoryId":"8906007"},{"aisle":"Single Serve","category":"Yoghurt","subCategory":"Dairy, Eggs \u0026 Fridge","categoryId":"8915804","aisleId":"8915822","subCategoryId":"1300"}],"pricing":{"now":1.7,"was":2.6,"saveAmount":0.9,"priceDescription":"Was $2.60 on Oct 2024","unit":{"quantity":1,"ofMeasureQuantity":100,"ofMeasureUnits":"g","price":1.13,"ofMeasureType":"g","isWeighted":false,"isIncremental":false},"comparable":"$1.13 per 100g","promotionType":"DOWNDOWN","onlineSpecial":false}},{"_type":"PRODUCT","id":4935019,"adId":null,"adSource":null,"featured":false,"name":"Yopro Perform Yoghurt Peach","brand":"Danone","description":"DANONE YOPRO PERFORM YOGHURT PEACH 175G","size":"175g","availability":true,"availabilityType":"InStoreAndOnline","imageUris":[{"altText":"","type":"default","uri":"/4/4935019.jpg"}],"locations":[{"aisleSide":null,"description":"Aisle information is not available for this product. Please ask a Team Member at $STORE to help you find this product.","facing":0,"aisle":null,"order":9999,"shelf":null}],"restrictions":{"retailLimit":20,"promotionalLimit":12,"liquorAgeRestrictionFlag":false,"tobaccoAgeRestrictionFlag":false,"restrictedByOrganisation":false},"merchandiseHeir":{"tradeProfitCentre":"DAIRY","categoryGroup":"DAIRY","category":"CHILLED DESSERTS","subCategory":"YOGHURT","className":"SINGLE PROTEIN"},"onlineHeirs":[{"aisle":"Single Serve","category":"Yoghurt","subCategory":"Dairy, Eggs \u0026 Fridge","categoryId":"8915804","aisleId":"8915822","subCategoryId":"1300"}],"pricing":{"now":3.7,"was":0,"unit":{"quantity":1,"ofMeasureQuantity":100,"ofMeasureUnits":"g","price":2.11,"ofMeasureType":"g","isWeighted":false,"isIncremental":false},"comparable":"$2.11 per 100g","onlineSpecial":false}},{"_type":"PRODUCT","id":2752255,"adId":null,"adSource":null,"featured":false,"name":"Nature's Kitchen Firm Tofu","brand":"Coles","description":"COLES NATURES KITCHEN FIRM TOFU 300G","size":"300g","availability":true,"availabilityType":"InStoreAndOnline","imageUris":[{"altText":"","type":"default","uri":"/2/2752255.jpg"}],"locations":[{"aisleSide":null,"description":"Aisle information is not available for this product. Please ask a Team Member at $STORE to help you find this product.","facing":0,"aisle":null,"order":9999,"shelf":null}],"restrictions":{"retailLimit":20,"promotionalLimit":20,"liquorAgeRestrictionFlag":false,"tobaccoAgeRestrictionFlag":false,"restrictedByOrganisation":false,"delivery":["OVN","REMOTE SERVICE","TEMP"]},"merchandiseHeir":{"tradeProfitCentre":"DAIRY","categoryGroup":"DAIRY","category":"CHILLED HEALTHFOODS","subCategory":"TOFU","className":"PLAIN"},"onlineHeirs":[{"aisle":"Tofu","category":"Vegetarian \u0026 Vegan","subCategory":"Dairy, Eggs \u0026 Fridge","categoryId":"4778877","aisleId":"6774666","subCategoryId":"1300"}],"pricing":{"now":2.3,"was":0,"unit":{"quantity":1,"ofMeasureQuantity":100,"ofMeasureUnits":"g","price":0.77,"ofMeasureType":"g","isWeighted":false,"isIncremental":false},"comparable":"$0.77 per 100g","promotionType":"EVERYDAY","onlineSpecial":false}},{"_type":"PRODUCT","id":4514510,"adId":null,"adSource":null,"featured":false,"name":"Soy Milky Lite Chilled","brand":"Vitasoy","description":"VITASOY SOY MILKY LITE CHILLED 1L","size":"1L","availability":true,"availabilityType":"InStoreAndOnline","imageUris":[{"altText":"","type":"default","uri":"/4/4514510.jpg"}],"locations":[{"aisleSide":null,"description":"Aisle information is not available for this product. Please ask a Team Member at $STORE to help you find this product.","facing":0,"aisle":null,"order":9999,"shelf":null}],"restrictions":{"retailLimit":20,"promotionalLimit":12,"liquorAgeRestrictionFlag":false,"tobaccoAgeRestrictionFlag":false,"restrictedByOrganisation":false,"delivery":["OVN","REMOTE SERVICE","TEMP"]},"merchandiseHeir":{"tradeProfitCentre":"DAIRY","categoryGroup":"DAIRY","category":"DY MILK","subCategory":"PLANT","className":"SOY"},"onlineHeirs":[{"aisle":"Soy \u0026 Almond Milk","category":"Milk","subCategory":"Dairy, Eggs \u0026 Fridge","categoryId":"8881800","aisleId":"8881807","subCategoryId":"1300"}],"pricing":{"now":2.85,"was":0,"unit":{"quantity":1,"ofMeasureQuantity":1,"ofMeasureUnits":"l","price":2.85,"ofMeasureType":"l","isWeighted":false,"isIncremental":false},"comparable":"$2.85 per 1L","onlineSpecial":false}},{"_type":"PRODUCT","id":9808755,"adId":null,"adSource":null,"featured":false,"name":"Cheese Fetta Aust Style","brand":"Coles Dairy","description":"COLES DAIRY CHEESE FETTA AUST STYLE","size":"200g","availability":false,"availabilityType":"InStoreAndOnline","imageUris":[{"altText":"","type":"default","uri":"/9/9808755.jpg"}],"locations":[{"aisleSide":null,"description":"Aisle information is not available for this product. Please ask a Team Member at $STORE to help you find this product.","facing":0,"aisle":null,"order":9999,"shelf":null}],"restrictions":{"retailLimit":20,"promotionalLimit":20,"liquorAgeRestrictionFlag":false,"tobaccoAgeRestrictionFlag":false,"restrictedByOrganisation":false,"delivery":["OVN","REMOTE SERVICE","TEMP"]},"merchandiseHeir":{"tradeProfitCentre":"DAIRY","categoryGroup":"DAIRY","category":"CHEESE DAIRY","subCategory":"FETA","className":"AUSTRALIAN"},"onlineHeirs":[{"aisle":"Gourmet Cheese","category":"Cheese","subCategory":"Dairy, Eggs \u0026 Fridge","categoryId":"8882200","aisleId":"8915809","subCategoryId":"1300"}],"pricing":{"now":3.5,"was":0,"unit":{"quantity":1,"ofMeasureQuantity":1,"ofMeasureUnits":"kg","price":17.5,"ofMeasureType":"kg","isWeighted":false,"isIncremental":false},"comparable":"$17.50 per 1kg","promotionType":"EVERYDAY","onlineSpecial":false}},{"_type":"PRODUCT","id":2814013,"adId":null,"adSource":null,"featured":false,"name":"Mild Hungarian Salami","brand":"Primo","description":"PRIMO MILD HUNGARIAN SALAMI 80GRAM","size":"80g","availability":true,"availabilityType":"InStoreAndOnline","imageUris":[{"altText":"","type":"default","uri":"/2/2814013.jpg"}],"locations":[{"aisleSide":null,"description":"Aisle information is not available for this product. Please ask a Team Member at $STORE to help you find this product.","facing":0,"aisle":null,"order":9999,"shelf":null}],"restrictions":{"retailLimit":20,"promotionalLimit":12,"liquorAgeRestrictionFlag":false,"tobaccoAgeRestrictionFlag":false,"restrictedByOrganisation":false,"delivery":["OVN","REMOTE SERVICE"]},"continuity":{"continuityPromotionId":null,"creditsToRedeem":null,"bonusAvailable":true,"bonusTimes":1,"bonusPromoName":"Knife","bonusRoundelDisplayable":false,"bonusRoundelDescription":"Bonus Knife Credit"},"merchandiseHeir":{"tradeProfitCentre":"DAIRY","categoryGroup":"DAIRY","category":"SMALLGOODS DY","subCategory":"CONTINENTAL","className":"SALAMI HUNGARIAN"},"onlineHeirs":[{"aisle":"Meat","category":"Primo Foods","subCategory":"Bonus Credit Products","categoryId":"589213771","aisleId":"589442842","subCategoryId":"589126221"},{"aisle":"Packaged Deli Meat","category":"Packaged Deli Meats","subCategory":"Dairy, Eggs \u0026 Fridge","categoryId":"79555","aisleId":"795551","subCategoryId":"1300"},{"aisle":"Packaged Salami \u0026 Kabana","category":"Packaged Deli Meats","subCategory":"Dairy, Eggs \u0026 Fridge","categoryId":"79555","aisleId":"795554","subCategoryId":"1300"},{"aisle":"Salami \u0026 Kabana Packaged","category":"Other Packaged Deli Meat","subCategory":"Deli","categoryId":"8901800","aisleId":"8901804","subCategoryId":"8892715"}],"pricing":{"now":3.95,"was":0,"unit":{"quantity":1,"ofMeasureQuantity":1,"ofMeasureUnits":"kg","price":49.38,"ofMeasureType":"kg","isWeighted":false,"isIncremental":false},"comparable":"$49.38 per 1kg","promotionType":"SPECIAL","specialType":"MULTI_SAVE","onlineSpecial":false,"offerDescription":"Pick any 2 for $6.70","multiBuyPromotion":{"type":"MultibuyMultiSku","id":"727958647","minQuantity":2,"reward":3.35}},"variations":{"total":4}},{"_type":"PRODUCT","id":2273467,"adId":null,"adSource":null,"featured":false,"name":"Pot Set Natural Greek Style Yoghurt","brand":"Coles","description":"COLES POT SET NATURAL GREEK STYLE YOGHURT 1KG","size":"1kg","availability":true,"availabilityType":"InStoreAndOnline","imageUris":[{"altText":"","type":"default","uri":"/2/2273467.jpg"}],"locations":[{"aisleSide":null,"description":"Aisle information is not available for this product. Please ask a Team Member at $STORE to help you find this product.","facing":0,"aisle":null,"order":9999,"shelf":null}],"restrictions":{"retailLimit":20,"promotionalLimit":12,"liquorAgeRestrictionFlag":false,"tobaccoAgeRestrictionFlag":false,"restrictedByOrganisation":false,"delivery":["OVN","REMOTE SERVICE","TEMP"]},"merchandiseHeir":{"tradeProfitCentre":"DAIRY","categoryGroup":"DAIRY","category":"CHILLED DESSERTS","subCategory":"YOGHURT","className":"LARGE WHITE"},"onlineHeirs":[{"aisle":"Yoghurt Tubs","category":"Yoghurt","subCategory":"Dairy, Eggs \u0026 Fridge","categoryId":"8915804","aisleId":"8915817","subCategoryId":"1300"},{"aisle":"Pouch","category":"Yoghurt","subCategory":"Dairy, Eggs \u0026 Fridge","categoryId":"8915804","aisleId":"8915820","subCategoryId":"1300"}],"pricing":{"now":4.5,"was":0,"unit":{"quantity":1,"ofMeasureQuantity":100,"ofMeasureUnits":"g","price":0.45,"ofMeasureType":"g","isWeighted":false,"isIncremental":false},"comparable":"$0.45 per 100g","onlineSpecial":false}},{"_type":"PRODUCT","id":9411784,"adId":null,"adSource":null,"featured":false,"name":"Smarter White Milk 2% Fat Full Cream Taste","brand":"Pauls","description":"PAULS SMARTER WHITE MILK 2% FAT FULL CREAM TASTE 2L","size":"2L","availability":true,"availabilityType":"InStoreAndOnline","imageUris":[{"altText":"","type":"default","uri":"/9/9411784.jpg"}],"locations":[{"aisleSide":null,"description":"Aisle information is not available for this product. Please ask a Team Member at $STORE to help you find this product.","facing":0,"aisle":null,"order":9999,"shelf":null}],"restrictions":{"retailLimit":50,"promotionalLimit":12,"liquorAgeRestrictionFlag":false,"tobaccoAgeRestrictionFlag":false,"restrictedByOrganisation":false,"delivery":["OVN","REMOTE SERVICE","TEMP"]},"merchandiseHeir":{"tradeProfitCentre":"DAIRY","categoryGroup":"DAIRY","category":"DY MILK","subCategory":"FAT REDUCED","className":"2% FAT"},"onlineHeirs":[{"aisle":"Skim \u0026 Low Fat Milk","category":"Milk","subCategory":"Dairy, Eggs \u0026 Fridge","categoryId":"8881800","aisleId":"8881802","subCategoryId":"1300"}],"pricing":{"now":4.85,"was":0,"unit":{"quantity":1,"ofMeasureQuantity":1,"ofMeasureUnits":"l","price":2.42,"ofMeasureType":"l","isWeighted":false,"isIncremental":false},"comparable":"$2.43 per 1L","onlineSpecial":false},"variations":{"total":21}},{"_type":"PRODUCT","id":5726014,"adId":null,"adSource":null,"featured":false,"name":"Shredded Parmesan Cheese","brand":"Coles Dairy","description":"COLES DAIRY CHEESE SHREDDED PARMESAN","size":"250g","availability":true,"availabilityType":"InStoreAndOnline","imageUris":[{"altText":"","type":"default","uri":"/5/5726014.jpg"}],"locations":[{"aisleSide":null,"description":"Aisle information is not available for this product. Please ask a Team Member at $STORE to help you find this product.","facing":0,"aisle":null,"order":9999,"shelf":null}],"restrictions":{"retailLimit":20,"promotionalLimit":12,"liquorAgeRestrictionFlag":false,"tobaccoAgeRestrictionFlag":false,"restrictedByOrganisation":false,"delivery":["OVN","REMOTE SERVICE","TEMP"]},"merchandiseHeir":{"tradeProfitCentre":"DAIRY","categoryGroup":"DAIRY","category":"CHEESE DAIRY","subCategory":"COOKING GRATED","className":"PARMESAN"},"onlineHeirs":[{"aisle":"Grated Cheese","category":"Cheese","subCategory":"Dairy, Eggs \u0026 Fridge","categoryId":"8882200","aisleId":"8882210","subCategoryId":"1300"}],"pricing":{"now":6,"was":0,"unit":{"quantity":1,"ofMeasureQuantity":1,"ofMeasureUnits":"kg","price":24,"ofMeasureType":"kg","isWeighted":false,"isIncremental":false},"comparable":"$24.00 per 1kg","onlineSpecial":false}},{"_type":"PRODUCT","id":5376659,"adId":null,"adSource":null,"featured":false,"name":"Butter Spreadable Slightly Salted","brand":"Lurpak","description":"LURPAK BUTTER SPREADABLE SLIGHTLY SALTED 400G","size":"400g","availability":true,"availabilityType":"InStoreAndOnline","imageUris":[{"altText":"","type":"default","uri":"/5/5376659.jpg"}],"locations":[{"aisleSide":null,"description":"Aisle information is not available for this product. Please ask a Team Member at $STORE to help you find this product.","facing":0,"aisle":null,"order":9999,"shelf":null}],"restrictions":{"retailLimit":20,"promotionalLimit":20,"liquorAgeRestrictionFlag":false,"tobaccoAgeRestrictionFlag":false,"restrictedByOrganisation":false},"merchandiseHeir":{"tradeProfitCentre":"DAIRY","categoryGroup":"DAIRY","category":"CHILLED SPREADS","subCategory":"BLENDS","className":"STANDARD"},"onlineHeirs":[{"aisle":"Blends","category":"Butter \u0026 Margarine","subCategory":"Dairy, Eggs \u0026 Fridge","categoryId":"8915800","aisleId":"8915807","subCategoryId":"1300"}],"pricing":{"now":7.5,"was":0,"unit":{"quantity":1,"ofMeasureQuantity":100,"ofMeasureUnits":"g","price":1.88,"ofMeasureType":"g","isWeighted":false,"isIncremental":false},"comparable":"$1.88 per 100g","promotionType":"EVERYDAY","onlineSpecial":false}},{"_type":"PRODUCT","id":3053353,"adId":null,"adSource":null,"featured":false,"name":"English Sliced Ham","brand":"Coles","description":"COLES SSF ENGLISH SLICED HAM 100G","size":"100g","availability":true,"availabilityType":"InStoreAndOnline","imageUris":[{"altText":"","type":"default","uri":"/3/3053353.jpg"}],"locations":[{"aisleSide":null,"description":"Aisle information is not available for this product. Please ask a Team Member at $STORE to help you find this product.","facing":0,"aisle":null,"order":9999,"shelf":null}],"restrictions":{"retailLimit":20,"promotionalLimit":12,"liquorAgeRestrictionFlag":false,"tobaccoAgeRestrictionFlag":false,"restrictedByOrganisation":false,"delivery":["OVN","REMOTE SERVICE","TEMP"]},"merchandiseHeir":{"tradeProfitCentre":"DAIRY","categoryGroup":"DAIRY","category":"SMALLGOODS DY","subCategory":"SLICED MEATS","className":"HAM"},"onlineHeirs":[{"aisle":"Packaged Deli Meat","category":"Packaged Deli Meats","subCategory":"Dairy, Eggs \u0026 Fridge","categoryId":"79555","aisleId":"795551","subCategoryId":"1300"},{"aisle":"Meat Packaged","category":"Other Packaged Deli Meat","subCategory":"Deli","categoryId":"8901800","aisleId":"8901801","subCategoryId":"8892715"},{"aisle":"Sandwich \u0026 Wrap Essential","category":"School Lunches \u0026 Snacking","subCategory":"Back To School","categoryId":"8908403","aisleId":"8908425","subCategoryId":"8904801"}],"pricing":{"now":2.45,"was":0,"unit":{"quantity":1,"ofMeasureQuantity":1,"ofMeasureUnits":"kg","price":24.5,"ofMeasureType":"kg","isWeighted":false,"isIncremental":false},"comparable":"$24.50 per 1kg","onlineSpecial":false},"variations":{"total":2}},{"_type":"PRODUCT","id":6854745,"adId":null,"adSource":null,"featured":false,"name":"Butter Soft Salt Reduced Spreadable Butter","brand":"Mainland","description":"MAINLAND DAIRY BUTTER SOFT:PURE BUTTER SALT REDUCED:.:375 GRAM","size":"375g","availability":true,"availabilityType":"InStoreAndOnline","imageUris":[{"altText":"","type":"default","uri":"/6/6854745.jpg"}],"locations":[{"aisleSide":null,"description":"Aisle information is not available for this product. Please ask a Team Member at $STORE to help you find this product.","facing":0,"aisle":null,"order":9999,"shelf":null}],"restrictions":{"retailLimit":20,"promotionalLimit":20,"liquorAgeRestrictionFlag":false,"tobaccoAgeRestrictionFlag":false,"restrictedByOrganisation":false,"delivery":["OVN","REMOTE SERVICE","TEMP"]},"merchandiseHeir":{"tradeProfitCentre":"DAIRY","categoryGroup":"DAIRY","category":"CHILLED SPREADS","subCategory":"BLENDS","className":"STANDARD"},"onlineHeirs":[{"aisle":"Spreads \u0026 Dips","category":"Dairy, Chilled \u0026 Frozen","subCategory":"Down Down","categoryId":"8906011","aisleId":"8912014","subCategoryId":"8906007"},{"aisle":"Blends","category":"Butter \u0026 Margarine","subCategory":"Dairy, Eggs \u0026 Fridge","categoryId":"8915800","aisleId":"8915807","subCategoryId":"1300"}],"pricing":{"now":7.5,"was":8,"saveAmount":0.5,"priceDescription":"Was $8.00 on Oct 2024","unit":{"quantity":1,"ofMeasureQuantity":100,"ofMeasureUnits":"g","price":2,"ofMeasureType":"g","isWeighted":false,"isIncremental":false},"comparable":"$2.00 per 100g","promotionType":"DOWNDOWN","onlineSpecial":false}},{"_type":"PRODUCT","id":5310253,"adId":null,"adSource":null,"featured":false,"name":"Strawberry Waffle Mix-Ins","brand":"Gippsland Dairy","description":"GIPPSLAND DAIRY STRAWBERRY WAFFLE MIX-INS 140G","size":"140g","availability":true,"availabilityType":"InStoreAndOnline","imageUris":[{"altText":"","type":"default","uri":"/5/5310253.jpg"}],"locations":[{"aisleSide":null,"description":"Aisle information is not available for this product. Please ask a Team Member at $STORE to help you find this product.","facing":0,"aisle":null,"order":9999,"shelf":null}],"restrictions":{"retailLimit":20,"promotionalLimit":12,"liquorAgeRestrictionFlag":false,"tobaccoAgeRestrictionFlag":false,"restrictedByOrganisation":false},"merchandiseHeir":{"tradeProfitCentre":"DAIRY","categoryGroup":"DAIRY","category":"CHILLED DESSERTS","subCategory":"YOGHURT","className":"SINGLE SNACKING"},"onlineHeirs":[{"aisle":"Single Serve","category":"Yoghurt","subCategory":"Dairy, Eggs \u0026 Fridge","categoryId":"8915804","aisleId":"8915822","subCategoryId":"1300"}],"pricing":{"now":1.92,"was":3.85,"saveAmount":1.93,"priceDescription":"1/2 Price","savePercent":50,"saveStatement":"save $1.93","unit":{"quantity":1,"ofMeasureQuantity":100,"ofMeasureUnits":"g","price":1.37,"ofMeasureType":"g","isWeighted":false,"isIncremental":false},"comparable":"$1.37 per 100g","promotionType":"SPECIAL","specialType":"PERCENT_OFF","onlineSpecial":false},"variations":{"total":1}},{"_type":"PRODUCT","id":425043,"adId":null,"adSource":null,"featured":false,"name":"Rev Low Fat Milk","brand":"Pauls","description":"PAULS REV LOW FAT MILK 2L","size":"2L","availability":true,"availabilityType":"InStoreAndOnline","imageUris":[{"altText":"","type":"default","uri":"/4/425043.jpg"}],"locations":[{"aisleSide":null,"description":"Aisle information is not available for this product. Please ask a Team Member at $STORE to help you find this product.","facing":0,"aisle":null,"order":9999,"shelf":null}],"restrictions":{"retailLimit":20,"promotionalLimit":20,"liquorAgeRestrictionFlag":false,"tobaccoAgeRestrictionFlag":false,"restrictedByOrganisation":false,"delivery":["OVN","REMOTE SERVICE","TEMP"]},"merchandiseHeir":{"tradeProfitCentre":"DAIRY","categoryGroup":"DAIRY","category":"DY MILK","subCategory":"FAT REDUCED","className":"LOW FAT"},"onlineHeirs":[{"aisle":"Skim \u0026 Low Fat Milk","category":"Milk","subCategory":"Dairy, Eggs \u0026 Fridge","categoryId":"8881800","aisleId":"8881802","subCategoryId":"1300"},{"aisle":"Milk \u0026 Eggs","category":"Dairy, Chilled \u0026 Frozen","subCategory":"Down Down","categoryId":"8906011","aisleId":"8906029","subCategoryId":"8906007"}],"pricing":{"now":4.7,"was":0,"unit":{"quantity":1,"ofMeasureQuantity":1,"ofMeasureUnits":"l","price":2.35,"ofMeasureType":"l","isWeighted":false,"isIncremental":false},"comparable":"$2.35 per 1L","promotionType":"EVERYDAY","onlineSpecial":false},"variations":{"total":16}},{"_type":"PRODUCT","id":2260476,"adId":null,"adSource":null,"featured":false,"name":"English Style Ham Quad Pack","brand":"Thomson's Deli","description":"THOMSON'S DELI ENGLISH STYLE HAM QUAD PACK 400G","size":"400g","availability":true,"availabilityType":"InStoreAndOnline","imageUris":[{"altText":"","type":"default","uri":"/2/2260476.jpg"}],"locations":[{"aisleSide":null,"description":"Aisle information is not available for this product. Please ask a Team Member at $STORE to help you find this product.","facing":0,"aisle":null,"order":9999,"shelf":null}],"restrictions":{"retailLimit":20,"promotionalLimit":12,"liquorAgeRestrictionFlag":false,"tobaccoAgeRestrictionFlag":false,"restrictedByOrganisation":false,"delivery":["OVN","REMOTE SERVICE","TEMP"]},"merchandiseHeir":{"tradeProfitCentre":"DAIRY","categoryGroup":"DAIRY","category":"SMALLGOODS DY","subCategory":"SLICED MEATS","className":"HAM"},"onlineHeirs":[{"aisle":"Packaged Deli Meat","category":"Packaged Deli Meats","subCategory":"Dairy, Eggs \u0026 Fridge","categoryId":"79555","aisleId":"795551","subCategoryId":"1300"},{"aisle":"Meat Packaged","category":"Other Packaged Deli Meat","subCategory":"Deli","categoryId":"8901800","aisleId":"8901801","subCategoryId":"8892715"},{"aisle":"Sandwich \u0026 Wrap Essential","category":"School Lunches \u0026 Snacking","subCategory":"Back To School","categoryId":"8908403","aisleId":"8908425","subCategoryId":"8904801"}],"pricing":{"now":6.5,"was":0,"unit":{"quantity":1,"ofMeasureQuantity":1,"ofMeasureUnits":"kg","price":16.25,"ofMeasureType":"kg","isWeighted":false,"isIncremental":false},"comparable":"$16.25 per 1kg","onlineSpecial":false},"variations":{"total":3}},{"_type":"PRODUCT","id":7670410,"adId":null,"adSource":null,"featured":false,"name":"Camembert","brand":"Tasmanian Heritage","description":"TASMANIAN HERITAGE CAMEMBERT 200G","size":"200g","availability":true,"availabilityType":"InStoreAndOnline","imageUris":[{"altText":"","type":"default","uri":"/7/7670410.jpg"}],"locations":[{"aisleSide":null,"description":"Aisle information is not available for this product. Please ask a Team Member at $STORE to help you find this product.","facing":0,"aisle":null,"order":9999,"shelf":null}],"restrictions":{"retailLimit":20,"promotionalLimit":12,"liquorAgeRestrictionFlag":false,"tobaccoAgeRestrictionFlag":false,"restrictedByOrganisation":false},"merchandiseHeir":{"tradeProfitCentre":"DAIRY","categoryGroup":"DAIRY","category":"GOURMET CHEESE","subCategory":"WHITE MOULD","className":"FRESH CAMEMBERT"},"onlineHeirs":[{"aisle":"Brie \u0026 Soft Cheese","category":"Cheese","subCategory":"Dairy, Eggs \u0026 Fridge","categoryId":"8882200","aisleId":"8882203","subCategoryId":"1300"},{"aisle":"Gourmet Cheese","category":"Cheese","subCategory":"Dairy, Eggs \u0026 Fridge","categoryId":"8882200","aisleId":"8915809","subCategoryId":"1300"}],"pricing":{"now":11.95,"was":0,"unit":{"quantity":1,"ofMeasureQuantity":1,"ofMeasureUnits":"kg","price":59.75,"ofMeasureType":"kg","isWeighted":false,"isIncremental":false},"comparable":"$59.75 per 1kg","onlineSpecial":false}},{"_type":"PRODUCT","id":6600689,"adId":null,"adSource":null,"featured":false,"name":"No Added Sugar Kids Yogurt Pouch Strawberry","brand":"Farmers Union","description":"FARMERS UNION NAS KIDS YOGURT POUCH STRAWBERRY 130G","size":"130g","availability":true,"availabilityType":"InStoreAndOnline","imageUris":[{"altText":"","type":"default","uri":"/6/6600689.jpg"}],"locations":[{"aisleSide":null,"description":"Aisle information is not available for this product. Please ask a Team Member at $STORE to help you find this product.","facing":0,"aisle":null,"order":9999,"shelf":null}],"restrictions":{"retailLimit":20,"promotionalLimit":12,"liquorAgeRestrictionFlag":false,"tobaccoAgeRestrictionFlag":false,"restrictedByOrganisation":false},"merchandiseHeir":{"tradeProfitCentre":"DAIRY","categoryGroup":"DAIRY","category":"CHILLED DESSERTS","subCategory":"YOGHURT","className":"POUCH KIDS"},"onlineHeirs":[{"aisle":"Breakfast On The Go","category":"School Breakfast","subCategory":"Back To School","categoryId":"8908402","aisleId":"8908420","subCategoryId":"8904801"},{"aisle":"Pouch","category":"Yoghurt","subCategory":"Dairy, Eggs \u0026 Fridge","categoryId":"8915804","aisleId":"8915820","subCategoryId":"1300"}],"pricing":{"now":1.3,"was":2.2,"saveAmount":0.9,"saveStatement":"save $0.90","unit":{"quantity":1,"ofMeasureQuantity":100,"ofMeasureUnits":"g","price":1,"ofMeasureType":"g","isWeighted":false,"isIncremental":false},"comparable":"$1.00 per 100g","promotionType":"SPECIAL","onlineSpecial":false}},{"_type":"PRODUCT","id":3187597,"adId":null,"adSource":null,"featured":false,"name":"Lactose Free Lite Milk","brand":"Coles","description":"COLES LACTOSE FREE LITE MILK 1L","size":"1L","availability":true,"availabilityType":"InStoreAndOnline","imageUris":[{"altText":"","type":"default","uri":"/3/3187597.jpg"}],"locations":[{"aisleSide":null,"description":"Aisle information is not available for this product. Please ask a Team Member at $STORE to help you find this product.","facing":0,"aisle":null,"order":9999,"shelf":null}],"restrictions":{"retailLimit":20,"promotionalLimit":20,"liquorAgeRestrictionFlag":null,"tobaccoAgeRestrictionFlag":null,"restrictedByOrganisation":false,"delivery":["OVN","REMOTE SERVICE"]},"merchandiseHeir":{"tradeProfitCentre":"DAIRY","categoryGroup":"DAIRY","category":"DY MILK","subCategory":"SPECIALTY","className":"LACTOSE FREE"},"onlineHeirs":[{"aisle":"Specialty Milk","category":"Milk","subCategory":"Dairy, Eggs \u0026 Fridge","categoryId":"8881800","aisleId":"8881805","subCategoryId":"1300"}],"pricing":{"now":3.1,"was":0,"unit":{"quantity":1,"ofMeasureQuantity":1,"ofMeasureUnits":"l","price":3.1,"ofMeasureType":"l","isIncremental":false},"comparable":"$3.10 per 1L","promotionType":"EVERYDAY","onlineSpecial":false}},{"_type":"PRODUCT","id":9508026,"adId":null,"adSource":null,"featured":false,"name":"Cheese Shredded Mozzarella","brand":"Coles","description":"COLES CHEESE SHREDDED MOZZARELLA","size":"250g","availability":true,"availabilityType":"InStoreAndOnline","imageUris":[{"altText":"","type":"default","uri":"/9/9508026.jpg"}],"locations":[{"aisleSide":null,"description":"Aisle information is not available for this product. Please ask a Team Member at $STORE to help you find this product.","facing":0,"aisle":null,"order":9999,"shelf":null}],"restrictions":{"retailLimit":20,"promotionalLimit":12,"liquorAgeRestrictionFlag":false,"tobaccoAgeRestrictionFlag":false,"restrictedByOrganisation":false,"delivery":["OVN","REMOTE SERVICE","TEMP"]},"merchandiseHeir":{"tradeProfitCentre":"DAIRY","categoryGroup":"DAIRY","category":"CHEESE DAIRY","subCategory":"COOKING GRATED","className":"MOZZARELLA"},"onlineHeirs":[{"aisle":"Grated Cheese","category":"Cheese","subCategory":"Dairy, Eggs \u0026 Fridge","categoryId":"8882200","aisleId":"8882210","subCategoryId":"1300"}],"pricing":{"now":4.9,"was":0,"unit":{"quantity":1,"ofMeasureQuantity":1,"ofMeasureUnits":"kg","price":19.6,"ofMeasureType":"kg","isWeighted":false,"isIncremental":false},"comparable":"$19.60 per 1kg","onlineSpecial":false}},{"_type":"PRODUCT","id":1909952,"adId":null,"adSource":null,"featured":false,"name":"Light Milk","brand":"Devondale","description":"DEVONDALE LIGHT MILK 3L","size":"3L","availability":true,"availabilityType":"InStoreAndOnline","imageUris":[{"altText":"","type":"default","uri":"/1/1909952.jpg"}],"locations":[{"aisleSide":null,"description":"Aisle information is not available for this product. Please ask a Team Member at $STORE to help you find this product.","facing":0,"aisle":null,"order":9999,"shelf":null}],"restrictions":{"retailLimit":50,"promotionalLimit":12,"liquorAgeRestrictionFlag":false,"tobaccoAgeRestrictionFlag":false,"restrictedByOrganisation":false,"delivery":["OVN","REMOTE SERVICE","TEMP"]},"merchandiseHeir":{"tradeProfitCentre":"DAIRY","categoryGroup":"DAIRY","category":"DY MILK","subCategory":"WHOLE WHITE","className":"WHOLE 3-3.9L"},"onlineHeirs":[{"aisle":"Skim \u0026 Low Fat Milk","category":"Milk","subCategory":"Dairy, Eggs \u0026 Fridge","categoryId":"8881800","aisleId":"8881802","subCategoryId":"1300"}],"pricing":{"now":5.95,"was":0,"unit":{"quantity":1,"ofMeasureQuantity":1,"ofMeasureUnits":"l","price":1.98,"ofMeasureType":"l","isWeighted":false,"isIncremental":false},"comparable":"$1.98 per 1L","onlineSpecial":false}},{"_type":"PRODUCT","id":1902465,"adId":null,"adSource":null,"featured":false,"name":"Zymil Low Fat Milk","brand":"Pauls","description":"PAULS ZYMIL LACTOSE FREE LOW FAT MILK 2L","size":"2L","availability":true,"availabilityType":"InStoreAndOnline","imageUris":[{"altText":"","type":"default","uri":"/1/1902465.jpg"}],"locations":[{"aisleSide":null,"description":"Aisle information is not available for this product. Please ask a Team Member at $STORE to help you find this product.","facing":0,"aisle":null,"order":9999,"shelf":null}],"restrictions":{"retailLimit":50,"promotionalLimit":12,"liquorAgeRestrictionFlag":false,"tobaccoAgeRestrictionFlag":false,"restrictedByOrganisation":false,"delivery":["OVN","REMOTE SERVICE","TEMP"]},"merchandiseHeir":{"tradeProfitCentre":"DAIRY","categoryGroup":"DAIRY","category":"DY MILK","subCategory":"SPECIALTY","className":"LACTOSE FREE"},"onlineHeirs":[{"aisle":"Specialty Milk","category":"Milk","subCategory":"Dairy, Eggs \u0026 Fridge","categoryId":"8881800","aisleId":"8881805","subCategoryId":"1300"}],"pricing":{"now":6.8,"was":0,"unit":{"quantity":1,"ofMeasureQuantity":1,"ofMeasureUnits":"l","price":3.4,"ofMeasureType":"l","isWeighted":false,"isIncremental":false},"comparable":"$3.40 per 1L","onlineSpecial":false},"variations":{"total":18}},{"_type":"PRODUCT","id":2744360,"adId":null,"adSource":null,"featured":false,"name":"Kids Natural Greek Tropical Yoghurt Pouch","brand":"Tamar Valley","description":"TAMAR VALLEY KIDS GREEK POUCH YOGHURT TROPICAL:.:110 GRAM","size":"110g","availability":true,"availabilityType":"InStoreAndOnline","imageUris":[{"altText":"","type":"default","uri":"/2/2744360.jpg"}],"locations":[{"aisleSide":null,"description":"Aisle information is not available for this product. Please ask a Team Member at $STORE to help you find this product.","facing":0,"aisle":null,"order":9999,"shelf":null}],"restrictions":{"retailLimit":20,"promotionalLimit":12,"liquorAgeRestrictionFlag":false,"tobaccoAgeRestrictionFlag":false,"restrictedByOrganisation":false,"delivery":["OVN","REMOTE SERVICE","TEMP"]},"merchandiseHeir":{"tradeProfitCentre":"DAIRY","categoryGroup":"DAIRY","category":"CHILLED DESSERTS","subCategory":"YOGHURT","className":"POUCH KIDS"},"onlineHeirs":[{"aisle":"Breakfast On The Go","category":"School Breakfast","subCategory":"Back To School","categoryId":"8908402","aisleId":"8908420","subCategoryId":"8904801"},{"aisle":"Pouch","category":"Yoghurt","subCategory":"Dairy, Eggs \u0026 Fridge","categoryId":"8915804","aisleId":"8915820","subCategoryId":"1300"}],"pricing":{"now":2.4,"was":0,"unit":{"quantity":1,"ofMeasureQuantity":100,"ofMeasureUnits":"g","price":2.18,"ofMeasureType":"g","isWeighted":false,"isIncremental":false},"comparable":"$2.18 per 100g","promotionType":"SPECIAL","specialType":"MULTI_SAVE","onlineSpecial":false,"offerDescription":"Pick any 5 for $10","multiBuyPromotion":{"type":"MultibuyMultiSku","id":"727957622","minQuantity":5,"reward":2}}},{"_type":"PRODUCT","id":4260568,"adId":null,"adSource":null,"featured":false,"name":"Short Cut Bacon","brand":"Primo","description":"PRIMO SHORT CUT RINDLESS BACON 200G","size":"200g","availability":true,"availabilityType":"InStoreAndOnline","imageUris":[{"altText":"","type":"default","uri":"/4/4260568.jpg"}],"locations":[{"aisleSide":null,"description":"Aisle information is not available for this product. Please ask a Team Member at $STORE to help you find this product.","facing":0,"aisle":null,"order":9999,"shelf":null}],"restrictions":{"retailLimit":20,"promotionalLimit":12,"liquorAgeRestrictionFlag":false,"tobaccoAgeRestrictionFlag":false,"restrictedByOrganisation":false},"continuity":{"continuityPromotionId":null,"creditsToRedeem":null,"bonusAvailable":true,"bonusTimes":1,"bonusPromoName":"Knife","bonusRoundelDisplayable":true,"bonusRoundelDescription":"Bonus Knife Credit"},"merchandiseHeir":{"tradeProfitCentre":"DAIRY","categoryGroup":"DAIRY","category":"SMALLGOODS DY","subCategory":"BACON","className":"RINDLESS"},"onlineHeirs":[{"aisle":"Meat","category":"Primo Foods","subCategory":"Bonus Credit Products","categoryId":"589213771","aisleId":"589442842","subCategoryId":"589126221"},{"aisle":"Packaged Bacon","category":"Packaged Deli Meats","subCategory":"Dairy, Eggs \u0026 Fridge","categoryId":"79555","aisleId":"795553","subCategoryId":"1300"},{"aisle":"Bacon Packaged","category":"Other Packaged Deli Meat","subCategory":"Deli","categoryId":"8901800","aisleId":"8901802","subCategoryId":"8892715"}],"pricing":{"now":6.8,"was":0,"unit":{"quantity":1,"ofMeasureQuantity":1,"ofMeasureUnits":"kg","price":34,"ofMeasureType":"kg","isWeighted":false,"isIncremental":false},"comparable":"$34.00 per 1kg","onlineSpecial":false},"variations":{"total":3}},{"_type":"PRODUCT","id":7246869,"adId":null,"adSource":null,"featured":false,"name":"Kids Vanilla Yoghurt Pouch","brand":"Vaalia","description":"VAALIA KIDS YOGHURT POUCH:VANILLA:.:140 GRAM","size":"140g","availability":true,"availabilityType":"InStoreAndOnline","imageUris":[{"altText":"","type":"default","uri":"/7/7246869.jpg"}],"locations":[{"aisleSide":null,"description":"Aisle information is not available for this product. Please ask a Team Member at $STORE to help you find this product.","facing":0,"aisle":null,"order":9999,"shelf":null}],"restrictions":{"retailLimit":20,"promotionalLimit":12,"liquorAgeRestrictionFlag":false,"tobaccoAgeRestrictionFlag":false,"restrictedByOrganisation":false,"delivery":["OVN","REMOTE SERVICE","TEMP"]},"merchandiseHeir":{"tradeProfitCentre":"DAIRY","categoryGroup":"DAIRY","category":"CHILLED DESSERTS","subCategory":"YOGHURT","className":"POUCH KIDS"},"onlineHeirs":[{"aisle":"Breakfast On The Go","category":"School Breakfast","subCategory":"Back To School","categoryId":"8908402","aisleId":"8908420","subCategoryId":"8904801"},{"aisle":"Lunch Snacks","category":"School Lunches \u0026 Snacking","subCategory":"Back To School","categoryId":"8908403","aisleId":"8910005","subCategoryId":"8904801"},{"aisle":"Pouch","category":"Yoghurt","subCategory":"Dairy, Eggs \u0026 Fridge","categoryId":"8915804","aisleId":"8915820","subCategoryId":"1300"}],"pricing":{"now":2.4,"was":0,"unit":{"quantity":1,"ofMeasureQuantity":100,"ofMeasureUnits":"g","price":1.71,"ofMeasureType":"g","isWeighted":false,"isIncremental":false},"comparable":"$1.71 per 100g","promotionType":"SPECIAL","specialType":"MULTI_SAVE","onlineSpecial":false,"offerDescription":"Pick any 5 for $10","multiBuyPromotion":{"type":"MultibuyMultiSku","id":"727957622","minQuantity":5,"reward":2}}},{"_type":"PRODUCT","id":5984520,"adId":null,"adSource":null,"featured":false,"name":"UHT Full Cream Multipack Milk 200mL","brand":"Devondale","description":"DEVONDALE MILK UHT FULL CREAM MULTIPACK MILK 200ML","size":"6 pack","availability":true,"availabilityType":"InStoreAndOnline","imageUris":[{"altText":"","type":"default","uri":"/5/5984520.jpg"}],"locations":[{"aisleSide":null,"description":"Aisle information is not available for this product. Please ask a Team Member at $STORE to help you find this product.","facing":0,"aisle":null,"order":9999,"shelf":null}],"restrictions":{"retailLimit":20,"promotionalLimit":12,"liquorAgeRestrictionFlag":false,"tobaccoAgeRestrictionFlag":false,"restrictedByOrganisation":false},"merchandiseHeir":{"tradeProfitCentre":"GROCERY","categoryGroup":"IMPULSE","category":"GROCERY MILK","subCategory":"DAIRY MILK","className":"SKIM"},"onlineHeirs":[{"aisle":"On The Go","category":"Breakfast","subCategory":"Pantry","categoryId":"7294","aisleId":"18741","subCategoryId":"10302"},{"aisle":"Long-Life-Milk","category":"Long Life-Milk","subCategory":"Dairy, Eggs \u0026 Fridge","categoryId":"8895200","aisleId":"8895201","subCategoryId":"1300"},{"aisle":"Kids Milk","category":"Flavoured Milk","subCategory":"Drinks","categoryId":"98626","aisleId":"98646","subCategoryId":"11456"},{"aisle":"Long Life Milk","category":"Long-Life Milk","subCategory":"Drinks","categoryId":"98629","aisleId":"98660","subCategoryId":"11456"}],"pricing":{"now":6,"was":0,"unit":{"quantity":1,"ofMeasureQuantity":1,"ofMeasureUnits":"l","price":5,"ofMeasureType":"l","isWeighted":false,"isIncremental":false},"comparable":"$5.00 per 1L","onlineSpecial":false},"variations":{"total":1}},{"_type":"PRODUCT","id":5300282,"adId":null,"adSource":null,"featured":false,"name":"Footy Franks Skinless","brand":"Don","description":"DON FOOTY FRANKS SKINLESS 435G","size":"435g","availability":true,"availabilityType":"InStoreAndOnline","imageUris":[{"altText":"","type":"default","uri":"/5/5300282.jpg"}],"locations":[{"aisleSide":null,"description":"Aisle information is not available for this product. Please ask a Team Member at $STORE to help you find this product.","facing":0,"aisle":null,"order":9999,"shelf":null}],"restrictions":{"retailLimit":20,"promotionalLimit":20,"liquorAgeRestrictionFlag":false,"tobaccoAgeRestrictionFlag":false,"restrictedByOrganisation":false},"merchandiseHeir":{"tradeProfitCentre":"DAIRY","categoryGroup":"DAIRY","category":"SMALLGOODS DY","subCategory":"SAUSAGES","className":"DELI EXPRESS"},"onlineHeirs":[{"aisle":"Packaged Frankfurts","category":"Packaged Deli Meats","subCategory":"Dairy, Eggs \u0026 Fridge","categoryId":"79555","aisleId":"795552","subCategoryId":"1300"},{"aisle":"Deli Foods","category":"Meat, Seafood \u0026 Deli","subCategory":"Down Down","categoryId":"8906013","aisleId":"8906034","subCategoryId":"8906007"}],"pricing":{"now":6,"was":7,"saveAmount":1,"priceDescription":"Was $7.00 on Aug 2024","unit":{"quantity":1,"ofMeasureQuantity":1,"ofMeasureUnits":"kg","price":13.79,"ofMeasureType":"kg","isWeighted":false,"isIncremental":false},"comparable":"$13.79 per 1kg","promotionType":"DOWNDOWN","onlineSpecial":false},"variations":{"total":2}},{"_type":"PRODUCT","id":7781192,"adId":null,"adSource":null,"featured":false,"name":"Cherry Bocconcini","brand":"Coles","description":"COLES CHERRY BOCCONCINI","size":"220g","availability":true,"availabilityType":"InStoreAndOnline","imageUris":[{"altText":"","type":"default","uri":"/7/7781192.jpg"}],"locations":[{"aisleSide":null,"description":"Aisle information is not available for this product. Please ask a Team Member at $STORE to help you find this product.","facing":0,"aisle":null,"order":9999,"shelf":null}],"restrictions":{"retailLimit":20,"promotionalLimit":20,"liquorAgeRestrictionFlag":false,"tobaccoAgeRestrictionFlag":false,"restrictedByOrganisation":false,"delivery":["OVN","REMOTE SERVICE","TEMP"]},"merchandiseHeir":{"tradeProfitCentre":"DAIRY","categoryGroup":"DAIRY","category":"CHEESE DAIRY","subCategory":"STRETCHED CURD","className":"BOCCONCINI"},"onlineHeirs":[{"aisle":"Gourmet Cheese","category":"Cheese","subCategory":"Dairy, Eggs \u0026 Fridge","categoryId":"8882200","aisleId":"8915809","subCategoryId":"1300"}],"pricing":{"now":4.8,"was":0,"unit":{"quantity":1,"ofMeasureQuantity":1,"ofMeasureUnits":"kg","price":21.82,"ofMeasureType":"kg","isWeighted":false,"isIncremental":false},"comparable":"$21.82 per 1kg","promotionType":"EVERYDAY","onlineSpecial":false}},{"_type":"PRODUCT","id":3187633,"adId":null,"adSource":null,"featured":false,"name":"Gold Organic Milk","brand":"Farmhouse","description":"PAULS FARMHOUSE GOLD ORGANIC MILK 1.5 LITRE","size":"1.5L","availability":true,"availabilityType":"InStoreAndOnline","imageUris":[{"altText":"","type":"default","uri":"/3/3187633.jpg"}],"locations":[{"aisleSide":null,"description":"Aisle information is not available for this product. Please ask a Team Member at $STORE to help you find this product.","facing":0,"aisle":null,"order":9999,"shelf":null}],"restrictions":{"retailLimit":20,"promotionalLimit":20,"liquorAgeRestrictionFlag":null,"tobaccoAgeRestrictionFlag":null,"restrictedByOrganisation":false,"delivery":["OVN","REMOTE SERVICE"]},"merchandiseHeir":{"tradeProfitCentre":"DAIRY","categoryGroup":"DAIRY","category":"DY MILK","subCategory":"SPECIALTY","className":"ORGANIC"},"onlineHeirs":[{"aisle":"Specialty Milk","category":"Milk","subCategory":"Dairy, Eggs \u0026 Fridge","categoryId":"8881800","aisleId":"8881805","subCategoryId":"1300"}],"pricing":{"now":5.5,"was":0,"unit":{"quantity":1,"ofMeasureQuantity":1,"ofMeasureUnits":"l","price":3.67,"ofMeasureType":"l","isIncremental":false},"comparable":"$3.67 per 1L","promotionType":"EVERYDAY","onlineSpecial":false}},{"_type":"PRODUCT","id":4344497,"adId":null,"adSource":null,"featured":false,"name":"The Creamery Yoghurt Strawberries \u0026 Cream","brand":"Tamar Valley","description":"TAMAR VALLEY THE CREAMERY YOGHURT STRAWBERRIES \u0026 CREAM 170G","size":"170g","availability":true,"availabilityType":"InStoreAndOnline","imageUris":[{"altText":"","type":"default","uri":"/4/4344497.jpg"}],"locations":[{"aisleSide":null,"description":"Aisle information is not available for this product. Please ask a Team Member at $STORE to help you find this product.","facing":0,"aisle":null,"order":9999,"shelf":null}],"restrictions":{"retailLimit":20,"promotionalLimit":12,"liquorAgeRestrictionFlag":false,"tobaccoAgeRestrictionFlag":false,"restrictedByOrganisation":false},"merchandiseHeir":{"tradeProfitCentre":"DAIRY","categoryGroup":"DAIRY","category":"CHILLED DESSERTS","subCategory":"YOGHURT","className":"SINGLE INDULGENT"},"onlineHeirs":[{"aisle":"Single Serve","category":"Yoghurt","subCategory":"Dairy, Eggs \u0026 Fridge","categoryId":"8915804","aisleId":"8915822","subCategoryId":"1300"}],"pricing":{"now":1.45,"was":2.9,"saveAmount":1.45,"priceDescription":"1/2 Price","savePercent":50,"saveStatement":"save $1.45","unit":{"quantity":1,"ofMeasureQuantity":100,"ofMeasureUnits":"g","price":0.85,"ofMeasureType":"g","isWeighted":false,"isIncremental":false},"comparable":"$0.85 per 100g","promotionType":"SPECIAL","specialType":"PERCENT_OFF","onlineSpecial":false}},{"_type":"PRODUCT","id":8587253,"adId":null,"adSource":null,"featured":false,"name":"Spicy Capsicum Dip","brand":"Coles","description":"COLES DIP SPICY CAPSICUM 200G","size":"200g","availability":true,"availabilityType":"InStoreAndOnline","imageUris":[{"altText":"","type":"default","uri":"/8/8587253.jpg"}],"locations":[{"aisleSide":null,"description":"Aisle information is not available for this product. Please ask a Team Member at $STORE to help you find this product.","facing":0,"aisle":null,"order":9999,"shelf":null}],"restrictions":{"retailLimit":20,"promotionalLimit":12,"liquorAgeRestrictionFlag":false,"tobaccoAgeRestrictionFlag":false,"restrictedByOrganisation":false,"delivery":["OVN","REMOTE SERVICE","TEMP"]},"merchandiseHeir":{"tradeProfitCentre":"DAIRY","categoryGroup":"DAIRY","category":"ENTERTAINMENT","subCategory":"VALUE","className":"TRADITIONAL"},"onlineHeirs":[{"aisle":"Dips","category":"Dips \u0026 Pate","subCategory":"Dairy, Eggs \u0026 Fridge","categoryId":"8915803","aisleId":"8915814","subCategoryId":"1300"}],"pricing":{"now":2.5,"was":0,"unit":{"quantity":1,"ofMeasureQuantity":100,"ofMeasureUnits":"g","price":1.25,"ofMeasureType":"g","isWeighted":false,"isIncremental":false},"comparable":"$1.25 per 100g","onlineSpecial":false}},{"_type":"PRODUCT","id":3676980,"adId":null,"adSource":null,"featured":false,"name":"Sour Cream","brand":"Coles","description":"COLES SOUR CREAM 500G","size":"500g","availability":true,"availabilityType":"InStoreAndOnline","imageUris":[{"altText":"","type":"default","uri":"/3/3676980.jpg"}],"locations":[{"aisleSide":null,"description":"Aisle information is not available for this product. Please ask a Team Member at $STORE to help you find this product.","facing":0,"aisle":null,"order":9999,"shelf":null}],"restrictions":{"retailLimit":20,"promotionalLimit":12,"liquorAgeRestrictionFlag":false,"tobaccoAgeRestrictionFlag":false,"restrictedByOrganisation":false,"delivery":["OVN","REMOTE SERVICE"]},"merchandiseHeir":{"tradeProfitCentre":"DAIRY","categoryGroup":"DAIRY","category":"CHILLED DESSERTS","subCategory":"CREAM","className":"SOUR"},"onlineHeirs":[{"aisle":"Sour Cream","category":"Cream \u0026 Custard","subCategory":"Dairy, Eggs \u0026 Fridge","categoryId":"8915801","aisleId":"8915812","subCategoryId":"1300"}],"pricing":{"now":4.2,"was":0,"unit":{"quantity":1,"ofMeasureQuantity":100,"ofMeasureUnits":"g","price":0.84,"ofMeasureType":"g","isWeighted":false,"isIncremental":false},"comparable":"$0.84 per 100g","onlineSpecial":false}},{"_type":"PRODUCT","id":8716913,"adId":null,"adSource":null,"featured":false,"name":"Vanilla Yoghurt","brand":"Yoplait","description":"YOPLAIT VANILLA YOGHURT 1 KG","size":"1kg","availability":true,"availabilityType":"InStoreAndOnline","imageUris":[{"altText":"","type":"default","uri":"/8/8716913.jpg"}],"locations":[{"aisleSide":null,"description":"Aisle information is not available for this product. Please ask a Team Member at $STORE to help you find this product.","facing":0,"aisle":null,"order":9999,"shelf":null}],"restrictions":{"retailLimit":20,"promotionalLimit":20,"liquorAgeRestrictionFlag":false,"tobaccoAgeRestrictionFlag":false,"restrictedByOrganisation":false,"delivery":["OVN","REMOTE SERVICE","TEMP"]},"merchandiseHeir":{"tradeProfitCentre":"DAIRY","categoryGroup":"DAIRY","category":"CHILLED DESSERTS","subCategory":"YOGHURT","className":"LARGE MAINSTREAM"},"onlineHeirs":[{"aisle":"Cheese \u0026 Yoghurt","category":"Dairy, Chilled \u0026 Frozen","subCategory":"Down Down","categoryId":"8906011","aisleId":"8912013","subCategoryId":"8906007"},{"aisle":"Yoghurt Tubs","category":"Yoghurt","subCategory":"Dairy, Eggs \u0026 Fridge","categoryId":"8915804","aisleId":"8915817","subCategoryId":"1300"}],"pricing":{"now":4.75,"was":4.9,"saveAmount":0.15,"priceDescription":"Was $4.90 on Sep 2024","unit":{"quantity":1,"ofMeasureQuantity":100,"ofMeasureUnits":"g","price":0.47,"ofMeasureType":"g","isWeighted":false,"isIncremental":false},"comparable":"$0.48 per 100g","promotionType":"DOWNDOWN","onlineSpecial":false}},{"_type":"PRODUCT","id":4824856,"adId":null,"adSource":null,"featured":false,"name":"Semi Skim Long Life Milk","brand":"Devondale","description":"DEVONDALE LONG LIFE MILK:SEMI SKIM:.:1 LITRE","size":"1L","availability":true,"availabilityType":"InStoreAndOnline","imageUris":[{"altText":"","type":"default","uri":"/4/4824856.jpg"}],"locations":[{"aisleSide":null,"description":"Aisle information is not available for this product. Please ask a Team Member at $STORE to help you find this product.","facing":0,"aisle":null,"order":9999,"shelf":null}],"restrictions":{"retailLimit":50,"promotionalLimit":12,"liquorAgeRestrictionFlag":false,"tobaccoAgeRestrictionFlag":false,"restrictedByOrganisation":false},"merchandiseHeir":{"tradeProfitCentre":"GROCERY","categoryGroup":"IMPULSE","category":"GROCERY MILK","subCategory":"DAIRY MILK","className":"SKIM"},"onlineHeirs":[{"aisle":"Long-Life-Milk","category":"Long Life-Milk","subCategory":"Dairy, Eggs \u0026 Fridge","categoryId":"8895200","aisleId":"8895201","subCategoryId":"1300"},{"aisle":"Long Life Milk","category":"Long-Life Milk","subCategory":"Drinks","categoryId":"98629","aisleId":"98660","subCategoryId":"11456"}],"pricing":{"now":2.2,"was":0,"unit":{"quantity":1,"ofMeasureQuantity":1,"ofMeasureUnits":"l","price":2.2,"ofMeasureType":"l","isWeighted":false,"isIncremental":false},"comparable":"$2.20 per 1L","onlineSpecial":false},"variations":{"total":2}},{"_type":"PRODUCT","id":3539526,"adId":null,"adSource":null,"featured":false,"name":"Kids Greek Pouch Yoghurt","brand":"Tamar Valley","description":"TAMAR VALLEY KIDS GREEK POUCH YOGHURT 110G:BANANA:.:110 GRAM","size":"110g","availability":true,"availabilityType":"InStoreAndOnline","imageUris":[{"altText":"","type":"default","uri":"/3/3539526.jpg"}],"locations":[{"aisleSide":null,"description":"Aisle information is not available for this product. Please ask a Team Member at $STORE to help you find this product.","facing":0,"aisle":null,"order":9999,"shelf":null}],"restrictions":{"retailLimit":20,"promotionalLimit":12,"liquorAgeRestrictionFlag":false,"tobaccoAgeRestrictionFlag":false,"restrictedByOrganisation":false,"delivery":["REMOTE SERVICE"]},"merchandiseHeir":{"tradeProfitCentre":"DAIRY","categoryGroup":"DAIRY","category":"CHILLED DESSERTS","subCategory":"YOGHURT","className":"POUCH KIDS"},"onlineHeirs":[{"aisle":"Breakfast On The Go","category":"School Breakfast","subCategory":"Back To School","categoryId":"8908402","aisleId":"8908420","subCategoryId":"8904801"},{"aisle":"Pouch","category":"Yoghurt","subCategory":"Dairy, Eggs \u0026 Fridge","categoryId":"8915804","aisleId":"8915820","subCategoryId":"1300"}],"pricing":{"now":2.4,"was":0,"unit":{"quantity":1,"ofMeasureQuantity":100,"ofMeasureUnits":"g","price":2.18,"ofMeasureType":"g","isWeighted":false,"isIncremental":false},"comparable":"$2.18 per 100g","promotionType":"SPECIAL","specialType":"MULTI_SAVE","onlineSpecial":false,"offerDescription":"Pick any 5 for $10","multiBuyPromotion":{"type":"MultibuyMultiSku","id":"727957622","minQuantity":5,"reward":2}}},{"_type":"PRODUCT","id":5196114,"adId":null,"adSource":null,"featured":false,"name":"Soft Cream Cheese Tub","brand":"Philadelphia","description":"PHILADELPHIA TUB CHEESE CREAM:SOFT:.:250 GRAM","size":"250g","availability":true,"availabilityType":"InStoreAndOnline","imageUris":[{"altText":"","type":"default","uri":"/5/5196114.jpg"}],"locations":[{"aisleSide":null,"description":"Aisle information is not available for this product. Please ask a Team Member at $STORE to help you find this product.","facing":0,"aisle":null,"order":9999,"shelf":null}],"restrictions":{"retailLimit":20,"promotionalLimit":12,"liquorAgeRestrictionFlag":false,"tobaccoAgeRestrictionFlag":false,"restrictedByOrganisation":false,"delivery":["OVN","REMOTE SERVICE","TEMP"]},"merchandiseHeir":{"tradeProfitCentre":"DAIRY","categoryGroup":"DAIRY","category":"CHEESE DAIRY","subCategory":"SOFT/FRESH","className":"CREAM CHEESE"},"onlineHeirs":[{"aisle":"Cream Cheese \u0026 Spreads","category":"Cheese","subCategory":"Dairy, Eggs \u0026 Fridge","categoryId":"8882200","aisleId":"8882206","subCategoryId":"1300"}],"pricing":{"now":4.5,"was":5.7,"saveAmount":1.2,"saveStatement":"save $1.20","unit":{"quantity":1,"ofMeasureQuantity":1,"ofMeasureUnits":"kg","price":18,"ofMeasureType":"kg","isWeighted":false,"isIncremental":false},"comparable":"$18.00 per 1kg","promotionType":"SPECIAL","onlineSpecial":false},"variations":{"total":4}},{"_type":"PRODUCT","id":6941577,"adId":null,"adSource":null,"featured":false,"name":"Blueberry Twist Yoghurt","brand":"Gippsland Dairy","description":"GIPPSLAND TWIST DAIRY YOGHURT 700G:BLUEBERRY:.:700 GRAM","size":"700g","availability":true,"availabilityType":"InStoreAndOnline","imageUris":[{"altText":"","type":"default","uri":"/6/6941577.jpg"}],"locations":[{"aisleSide":null,"description":"Aisle information is not available for this product. Please ask a Team Member at $STORE to help you find this product.","facing":0,"aisle":null,"order":9999,"shelf":null}],"restrictions":{"retailLimit":20,"promotionalLimit":12,"liquorAgeRestrictionFlag":false,"tobaccoAgeRestrictionFlag":false,"restrictedByOrganisation":false,"delivery":["OVN","REMOTE SERVICE","TEMP"]},"merchandiseHeir":{"tradeProfitCentre":"DAIRY","categoryGroup":"DAIRY","category":"CHILLED DESSERTS","subCategory":"YOGHURT","className":"LARGE INDULGENT"},"onlineHeirs":[{"aisle":"Breakfast At Home","category":"School Breakfast","subCategory":"Back To School","categoryId":"8908402","aisleId":"8908416","subCategoryId":"8904801"},{"aisle":"Yoghurt Tubs","category":"Yoghurt","subCategory":"Dairy, Eggs \u0026 Fridge","categoryId":"8915804","aisleId":"8915817","subCategoryId":"1300"}],"pricing":{"now":6.3,"was":7.9,"saveAmount":1.6,"saveStatement":"save $1.60","unit":{"quantity":1,"ofMeasureQuantity":100,"ofMeasureUnits":"g","price":0.9,"ofMeasureType":"g","isWeighted":false,"isIncremental":false},"comparable":"$0.90 per 100g","promotionType":"SPECIAL","onlineSpecial":false},"variations":{"total":1}},{"_type":"PRODUCT","id":46883,"adId":null,"adSource":null,"featured":false,"name":"Dairy Unsalted Butter Pat","brand":"Coles","description":"COLES DAIRY BUTTER UNSALTED PAT","size":"250g","availability":true,"availabilityType":"InStoreAndOnline","imageUris":[{"altText":"","type":"default","uri":"/4/46883.jpg"}],"locations":[{"aisleSide":null,"description":"Aisle information is not available for this product. Please ask a Team Member at $STORE to help you find this product.","facing":0,"aisle":null,"order":9999,"shelf":null}],"restrictions":{"retailLimit":20,"promotionalLimit":12,"liquorAgeRestrictionFlag":false,"tobaccoAgeRestrictionFlag":false,"restrictedByOrganisation":false,"delivery":["OVN","REMOTE SERVICE","TEMP"]},"merchandiseHeir":{"tradeProfitCentre":"DAIRY","categoryGroup":"DAIRY","category":"CHILLED SPREADS","subCategory":"BUTTER","className":"PATS"},"onlineHeirs":[{"aisle":"Butter","category":"Butter \u0026 Margarine","subCategory":"Dairy, Eggs \u0026 Fridge","categoryId":"8915800","aisleId":"8915806","subCategoryId":"1300"}],"pricing":{"now":4.8,"was":0,"unit":{"quantity":1,"ofMeasureQuantity":100,"ofMeasureUnits":"g","price":1.92,"ofMeasureType":"g","isWeighted":false,"isIncremental":false},"comparable":"$1.92 per 100g","onlineSpecial":false}},{"_type":"PRODUCT","id":3647722,"adId":null,"adSource":null,"featured":false,"name":"Full Cream Milk","brand":"Pura","description":"PURA FULL CREAM MILK BOTTLE 1L","size":"1L","availability":true,"availabilityType":"InStoreAndOnline","imageUris":[{"altText":"","type":"default","uri":"/3/3647722.jpg"}],"locations":[{"aisleSide":null,"description":"Aisle information is not available for this product. Please ask a Team Member at $STORE to help you find this product.","facing":0,"aisle":null,"order":9999,"shelf":null}],"restrictions":{"retailLimit":50,"promotionalLimit":12,"liquorAgeRestrictionFlag":false,"tobaccoAgeRestrictionFlag":false,"restrictedByOrganisation":false,"delivery":["OVN","REMOTE SERVICE"]},"merchandiseHeir":{"tradeProfitCentre":"DAIRY","categoryGroup":"DAIRY","category":"DY MILK","subCategory":"WHOLE WHITE","className":"WHOLE 1L-1.9L"},"onlineHeirs":[{"aisle":"Full Cream Milk","category":"Milk","subCategory":"Dairy, Eggs \u0026 Fridge","categoryId":"8881800","aisleId":"8881801","subCategoryId":"1300"}],"pricing":{"now":2.8,"was":0,"unit":{"quantity":1,"ofMeasureQuantity":1,"ofMeasureUnits":"l","price":2.8,"ofMeasureType":"l","isWeighted":false,"isIncremental":false},"comparable":"$2.80 per 1L","onlineSpecial":false}},{"_type":"PRODUCT","id":6608148,"adId":null,"adSource":null,"featured":false,"name":"Dollop Cream","brand":"Bulla","description":"BULLA DOLLOP CREAM 200ML","size":"200mL","availability":true,"availabilityType":"InStoreAndOnline","imageUris":[{"altText":"","type":"default","uri":"/6/6608148.jpg"}],"locations":[{"aisleSide":null,"description":"Aisle information is not available for this product. Please ask a Team Member at $STORE to help you find this product.","facing":0,"aisle":null,"order":9999,"shelf":null}],"restrictions":{"retailLimit":20,"promotionalLimit":12,"liquorAgeRestrictionFlag":false,"tobaccoAgeRestrictionFlag":false,"restrictedByOrganisation":false,"delivery":["OVN","REMOTE SERVICE","TEMP"]},"merchandiseHeir":{"tradeProfitCentre":"DAIRY","categoryGroup":"DAIRY","category":"CHILLED DESSERTS","subCategory":"CREAM","className":"DOUBLE/RICH"},"onlineHeirs":[{"aisle":"Cream","category":"Cream \u0026 Custard","subCategory":"Dairy, Eggs \u0026 Fridge","categoryId":"8915801","aisleId":"8915810","subCategoryId":"1300"}],"pricing":{"now":3.8,"was":0,"unit":{"quantity":1,"ofMeasureQuantity":100,"ofMeasureUnits":"ml","price":1.9,"ofMeasureType":"ml","isWeighted":false,"isIncremental":false},"comparable":"$1.90 per 100mL","onlineSpecial":false}},{"_type":"PRODUCT","id":2808735,"adId":null,"adSource":null,"featured":false,"name":"Pepperoni Hot Salami","brand":"Primo","description":"PRIMO PEPPERONI HOT SALAMI 80G","size":"80g","availability":true,"availabilityType":"InStoreAndOnline","imageUris":[{"altText":"","type":"default","uri":"/2/2808735.jpg"}],"locations":[{"aisleSide":null,"description":"Aisle information is not available for this product. Please ask a Team Member at $STORE to help you find this product.","facing":0,"aisle":null,"order":9999,"shelf":null}],"restrictions":{"retailLimit":20,"promotionalLimit":12,"liquorAgeRestrictionFlag":false,"tobaccoAgeRestrictionFlag":false,"restrictedByOrganisation":false,"delivery":["OVN","REMOTE SERVICE","TEMP"]},"continuity":{"continuityPromotionId":null,"creditsToRedeem":null,"bonusAvailable":true,"bonusTimes":1,"bonusPromoName":"Knife","bonusRoundelDisplayable":false,"bonusRoundelDescription":"Bonus Knife Credit"},"merchandiseHeir":{"tradeProfitCentre":"DAIRY","categoryGroup":"DAIRY","category":"SMALLGOODS DY","subCategory":"CONTINENTAL","className":"SALAMI PEPERONI"},"onlineHeirs":[{"aisle":"Meat","category":"Primo Foods","subCategory":"Bonus Credit Products","categoryId":"589213771","aisleId":"589442842","subCategoryId":"589126221"},{"aisle":"Packaged Deli Meat","category":"Packaged Deli Meats","subCategory":"Dairy, Eggs \u0026 Fridge","categoryId":"79555","aisleId":"795551","subCategoryId":"1300"},{"aisle":"Packaged Salami \u0026 Kabana","category":"Packaged Deli Meats","subCategory":"Dairy, Eggs \u0026 Fridge","categoryId":"79555","aisleId":"795554","subCategoryId":"1300"},{"aisle":"Meat Packaged","category":"Other Packaged Deli Meat","subCategory":"Deli","categoryId":"8901800","aisleId":"8901801","subCategoryId":"8892715"},{"aisle":"Salami \u0026 Kabana Packaged","category":"Other Packaged Deli Meat","subCategory":"Deli","categoryId":"8901800","aisleId":"8901804","subCategoryId":"8892715"}],"pricing":{"now":3.95,"was":0,"unit":{"quantity":1,"ofMeasureQuantity":1,"ofMeasureUnits":"kg","price":49.38,"ofMeasureType":"kg","isWeighted":false,"isIncremental":false},"comparable":"$49.38 per 1kg","promotionType":"SPECIAL","specialType":"MULTI_SAVE","onlineSpecial":false,"offerDescription":"Pick any 2 for $6.70","multiBuyPromotion":{"type":"MultibuyMultiSku","id":"727958647","minQuantity":2,"reward":3.35}}}],"catalogGroupView":[{"level":2,"name":"Butter \u0026 Margarine","originalName":"Butter \u0026 Margarine","seoToken":"butter-margarine","id":"8915800","productCount":77,"catalogGroupView":null},{"level":2,"name":"Cheese","originalName":"Cheese","seoToken":"cheese","id":"8882200","productCount":613,"catalogGroupView":null},{"level":2,"name":"Cream \u0026 Custard","originalName":"Cream \u0026 Custard","seoToken":"cream-custard","id":"8915801","productCount":44,"catalogGroupView":null},{"level":2,"name":"Dairy Desserts","originalName":"Dairy Desserts","seoToken":"dairy-desserts","id":"8915802","productCount":34,"catalogGroupView":null},{"level":2,"name":"Dairy World Foods","originalName":"Dairy World Foods","seoToken":"dairy-world-foods","id":"8911600","productCount":41,"catalogGroupView":null},{"level":2,"name":"Dips \u0026 Pate","originalName":"Dips \u0026 Pate","seoToken":"dips-pate","id":"8915803","productCount":140,"catalogGroupView":null},{"level":2,"name":"Eggs","originalName":"Eggs","seoToken":"eggs","id":"246656","productCount":38,"catalogGroupView":null},{"level":2,"name":"Fresh Pasta \u0026 Sauces","originalName":"Fresh Pasta \u0026 Sauces","seoToken":"fresh-pasta-sauces","id":"777844","productCount":82,"catalogGroupView":null},{"level":2,"name":"Garlic Bread \u0026 Pastry Sheets","originalName":"Garlic Bread \u0026 Pastry Sheets","seoToken":"garlic-bread-pastry-sheets","id":"756654","productCount":22,"catalogGroupView":null},{"level":2,"name":"Long Life-Milk","originalName":"Long Life-Milk","seoToken":"long-life-milk","id":"8895200","productCount":159,"catalogGroupView":null},{"level":2,"name":"Milk","originalName":"Milk","seoToken":"milk","id":"8881800","productCount":184,"catalogGroupView":null},{"level":2,"name":"Packaged Deli Meats","originalName":"Packaged Deli Meats","seoToken":"packaged-deli-meats","id":"79555","productCount":132,"catalogGroupView":null},{"level":2,"name":"Ready to Eat Meals","originalName":"Ready To Eat Meals","seoToken":"ready-to-eat-meals","id":"477564","productCount":317,"catalogGroupView":null},{"level":2,"name":"Vegetarian \u0026 Vegan","originalName":"Vegetarian \u0026 Vegan","seoToken":"vegetarian-vegan","id":"4778877","productCount":89,"catalogGroupView":null},{"level":2,"name":"Yoghurt","originalName":"Yoghurt","seoToken":"yoghurt","id":"8915804","productCount":372,"catalogGroupView":null}],"excludedCatalogGroupView":{"productCount":0}},"searchSessionId":"ce26ce99-d8f1-4db9-b58b-4536c8e516b7","sortByValue":"salesDescending","isRestricted":false,"aemContentFragment":{"data":{"categoryContentDescriptionByPath":{"item":{"description":{"html":"\u003cp\u003eShop all your dairy, eggs \u0026amp; fridge products online. For your breakfast needs we have dairy and dairy free options. If you are short on time, keep handy in the fridge our popular ready to heat pastas, sauces \u0026amp; meals. Buy fridge and dairy products online and get home delivery or pick up from a store near you. Discover our \u003ca href=\"https://www.coles.com.au/recipes-inspiration/tips/easy-egg-recipes\" target=\"_blank\"\u003eeasy egg recipes\u003c/a\u003e and delicious \u003ca href=\"https://www.coles.com.au/recipes-inspiration/tips/vegan-dessert-recipes\" target=\"_blank\"\u003evegan dessert recipes\u003c/a\u003e.\u0026nbsp;\u003c/p\u003e\n"},"tags":null}}}},"aemBrandFragment":{},"initialState":{"user":{"error":null,"auth":{"authenticated":false},"account":{"notifications":[]}},"modal":{"active":null,"state":{}},"notifications":{"notifications":[],"listNotifications":[],"showShoppableWarning":false},"mpgs":{"formFieldValidity":{"cardNumberValidity":"undetermined","expiryYearValidity":"undetermined","expiryMonthValidity":"undetermined","cvvValidity":"undetermined"},"initStatus":"unset","submitStatus":"unsubmitted","successData":null,"unexpectedError":false,"saveToProfile":false},"trolley":{"error":null,"itemsBeingUpdated":[],"failedItemGroups":[],"resolvedProductIdsFromFailedItemGroup":[],"storeId":"0584","validation":{"isValidating":false,"isValid":false,"validationErrors":null,"error":null,"restrictedItems":null},"isSwappingItems":false,"updateQueue":[],"updateQueueCallbacks":[],"processUpdateQueueImmediately":false,"isProcessUpdateQueueErrorNotificationMuted":false,"fetchContext":{}},"drawer":{"active":[],"state":{}},"shoppingMethod":{"isEditing":false,"didStoreIdChange":false,"state":{}},"enquiryForms":{"ids":[],"entities":{}},"list":{"error":null,"patchListItemsQueue":[]},"content":{"pageCategoryL1":"","pageCategoryL2":"","displayFilter":false,"expandFilter":[],"nextLevel":false,"pageTitle":"","pageType":"","breadcrumbs":[],"recipeId":"","isDisplayShopIngredients":false,"globalUrgencyStrip":{":items":{"root":{"columnClassNames":{},"gridClassNames":"aem-Grid aem-Grid--12 aem-Grid--default--12","columnCount":12,":items":{},":itemsOrder":[],":type":"wcm/foundation/components/responsivegrid"}},":itemsOrder":["root"],":type":"coles-onesite/components/xfpage",":path":"/content/experience-fragments/coles-onesite/en/site/global/urgency-strip/master",":hierarchyType":"page"},"recipeServingSize":4,"deliveryMethod":false},"seoJsonLd":{"componentJsonLd":{},"showAsJsonLd":false},"bffApi":{"queries":{},"mutations":{},"provided":{},"subscriptions":{},"config":{"online":true,"focused":true,"middlewareRegistered":true,"refetchOnFocus":false,"refetchOnReconnect":false,"refetchOnMountOrArgChange":false,"keepUnusedDataFor":60,"reducerPath":"bffApi"}},"aemApi":{"queries":{},"mutations":{},"provided":{},"subscriptions":{},"config":{"online":true,"focused":true,"middlewareRegistered":true,"refetchOnFocus":false,"refetchOnReconnect":false,"refetchOnMountOrArgChange":false,"keepUnusedDataFor":60,"reducerPath":"aemApi"}},"enquiryFormApi":{"queries":{},"mutations":{},"provided":{},"subscriptions":{},"config":{"online":true,"focused":true,"middlewareRegistered":true,"refetchOnFocus":false,"refetchOnReconnect":false,"refetchOnMountOrArgChange":false,"keepUnusedDataFor":60,"reducerPath":"enquiryFormApi"}},"b2bFormsApi":{"queries":{},"mutations":{},"provided":{},"subscriptions":{},"config":{"online":true,"focused":true,"middlewareRegistered":true,"refetchOnFocus":false,"refetchOnReconnect":false,"refetchOnMountOrArgChange":false,"keepUnusedDataFor":60,"reducerPath":"b2bFormsApi"}},"radioComplaintsFormApi":{"queries":{},"mutations":{},"provided":{},"subscriptions":{},"config":{"online":true,"focused":true,"middlewareRegistered":true,"refetchOnFocus":false,"refetchOnReconnect":false,"refetchOnMountOrArgChange":false,"keepUnusedDataFor":60,"reducerPath":"radioComplaintsFormApi"}},"psdsFormApi":{"queries":{},"mutations":{},"provided":{},"subscriptions":{},"config":{"online":true,"focused":true,"middlewareRegistered":true,"refetchOnFocus":false,"refetchOnReconnect":false,"refetchOnMountOrArgChange":false,"keepUnusedDataFor":60,"reducerPath":"psdsFormApi"}},"adobeTargetApi":{"queries":{},"mutations":{},"provided":{},"subscriptions":{},"config":{"online":true,"focused":true,"middlewareRegistered":true,"refetchOnFocus":false,"refetchOnReconnect":false,"refetchOnMountOrArgChange":false,"keepUnusedDataFor":60,"reducerPath":"adobeTargetApi"}},"abandonedTrolleyFormApi":{"queries":{},"mutations":{},"provided":{},"subscriptions":{},"config":{"online":true,"focused":true,"middlewareRegistered":true,"refetchOnFocus":false,"refetchOnReconnect":false,"refetchOnMountOrArgChange":false,"keepUnusedDataFor":60,"reducerPath":"abandonedTrolleyFormApi"}},"digitalGraphQLApi":{"queries":{"GetProductCategories({\"campaignCount\":null,\"storeId\":\"COL:584\",\"withCampaignLinks\":false})":{"status":"fulfilled","endpointName":"GetProductCategories","requestId":"-OaicINIXSJgtjjE7wpPf","originalArgs":{"storeId":"COL:584","withCampaignLinks":false,"campaignCount":null},"startedTimeStamp":1730155691516,"data":{"productCategories":{"excludedCategoryIds":["17490"],"catalogGroupView":[{"id":"8906007","level":1,"name":"Down Down","originalName":"Down Down","productCount":724,"seoToken":"down-down","type":"CATALOG","catalogGroupView":[{"id":"8906008","level":2,"name":"Beverages","originalName":"Beverages","productCount":72,"seoToken":"beverages","type":"CATALOG","catalogGroupView":[{"id":"8906017","level":3,"name":"Coffee \u0026 Tea","originalName":"Coffee \u0026 Tea","productCount":23,"seoToken":"coffee-tea","type":"CATALOG"},{"id":"8906018","level":3,"name":"Milk \u0026 Milk Additives","originalName":"Milk \u0026 Milk Additives","productCount":8,"seoToken":"milk-milk-additives","type":"CATALOG"},{"id":"8906019","level":3,"name":"Soft Drink \u0026 Energy Drinks","originalName":"Soft Drink \u0026 Energy Drinks","productCount":19,"seoToken":"soft-drink-energy-drinks","type":"CATALOG"},{"id":"8906020","level":3,"name":"Water \u0026 Juices","originalName":"Water \u0026 Juices","productCount":22,"seoToken":"water-juices","type":"CATALOG"}]},{"id":"8906009","level":2,"name":"Bread \u0026 Bakery","originalName":"Bread \u0026 Bakery","productCount":30,"seoToken":"bread-bakery","type":"CATALOG","catalogGroupView":[{"id":"8906021","level":3,"name":"Breads, Rolls \u0026 Flatbread","originalName":"Breads, Rolls \u0026 Flatbread","productCount":20,"seoToken":"breads-rolls-flatbread","type":"CATALOG"},{"id":"8906022","level":3,"name":"Cakes \u0026 Snacks","originalName":"Cakes \u0026 Snacks","productCount":10,"seoToken":"cakes-snacks","type":"CATALOG"}]},{"id":"8906010","level":2,"name":"Cleaning","originalName":"Cleaning","productCount":64,"seoToken":"cleaning","type":"CATALOG","catalogGroupView":[{"id":"8906023","level":3,"name":"Dishwashing Needs","originalName":"Dishwashing Needs","productCount":7,"seoToken":"dishwashing-needs","type":"CATALOG"},{"id":"8906024","level":3,"name":"General Cleaning","originalName":"General Cleaning","productCount":38,"seoToken":"general-cleaning","type":"CATALOG"},{"id":"8906025","level":3,"name":"Kitchen Needs","originalName":"Kitchen Needs","productCount":11,"seoToken":"kitchen-needs","type":"CATALOG"},{"id":"8906026","level":3,"name":"Laundry Needs","originalName":"Laundry Needs","productCount":8,"seoToken":"laundry-needs","type":"CATALOG"}]},{"id":"8906011","level":2,"name":"Dairy, Chilled \u0026 Frozen","originalName":"Dairy, Chilled \u0026 Frozen","productCount":126,"seoToken":"dairy-chilled-frozen","type":"CATALOG","catalogGroupView":[{"id":"8906027","level":3,"name":"Cheese \u0026 Desserts","originalName":"Cheese \u0026 Desserts","productCount":13,"seoToken":"cheese-desserts","type":"CATALOG"},{"id":"8912013","level":3,"name":"Cheese \u0026 Yoghurt","originalName":"Cheese \u0026 Yoghurt","productCount":34,"seoToken":"cheese-yoghurt","type":"CATALOG"},{"id":"8915865","level":3,"name":"Chilled Meals","originalName":"Chilled Meals","productCount":3,"seoToken":"chilled-meals","type":"CATALOG"},{"id":"8906028","level":3,"name":"Freezer","originalName":"Freezer","productCount":8,"seoToken":"freezer","type":"CATALOG"},{"id":"8915867","level":3,"name":"Frozen Desserts","originalName":"Frozen Desserts","productCount":53,"seoToken":"frozen-desserts","type":"CATALOG"},{"id":"8906029","level":3,"name":"Milk \u0026 Eggs","originalName":"Milk \u0026 Eggs","productCount":3,"seoToken":"milk-eggs","type":"CATALOG"},{"id":"8914400","level":3,"name":"Ready Made Meals","originalName":"Ready Made Meals","productCount":6,"seoToken":"ready-made-meals","type":"CATALOG"},{"id":"8912014","level":3,"name":"Spreads \u0026 Dips","originalName":"Spreads \u0026 Dips","productCount":6,"seoToken":"spreads-dips","type":"CATALOG"}]},{"id":"8912010","level":2,"name":"Fruits, Veggies \u0026 Nuts","originalName":"Fruits, Veggies \u0026 Nuts","productCount":18,"seoToken":"fruits-veggies-nuts","type":"CATALOG","catalogGroupView":[{"id":"8912012","level":3,"name":"Nuts","originalName":"Nuts","productCount":1,"seoToken":"nuts","type":"CATALOG"},{"id":"8914401","level":3,"name":"Packaged Salad","originalName":"Packaged Salad","productCount":2,"seoToken":"packaged-salad","type":"CATALOG"},{"id":"8914600","level":3,"name":"Veggies","originalName":"Veggies","productCount":15,"seoToken":"veggies","type":"CATALOG"}]},{"id":"8906012","level":2,"name":"Home \u0026 Pets","originalName":"Home \u0026 Pets","productCount":80,"seoToken":"home-pets","type":"CATALOG","catalogGroupView":[{"id":"8912015","level":3,"name":"Aircare","originalName":"Aircare","productCount":4,"seoToken":"aircare","type":"CATALOG"},{"id":"8906800","level":3,"name":"General Needs","originalName":"General Needs","productCount":31,"seoToken":"general-needs","type":"CATALOG"},{"id":"8912016","level":3,"name":"Kitchenware","originalName":"Kitchenware","productCount":1,"seoToken":"kitchenware","type":"CATALOG"},{"id":"8912017","level":3,"name":"Outdoor Tableware","originalName":"Outdoor Tableware","productCount":11,"seoToken":"outdoor-tableware","type":"CATALOG"},{"id":"8906032","level":3,"name":"Pest Management","originalName":"Pest Management","productCount":8,"seoToken":"pest-management","type":"CATALOG"},{"id":"8906033","level":3,"name":"Pet Food \u0026 Accessories","originalName":"Pet Food \u0026 Accessories","productCount":22,"seoToken":"pet-food-accessories","type":"CATALOG"},{"id":"8912018","level":3,"name":"Toilet Paper \u0026 Tissues","originalName":"Toilet Paper \u0026 Tissues","productCount":3,"seoToken":"toilet-paper-tissues","type":"CATALOG"}]},{"id":"8906013","level":2,"name":"Meat, Seafood \u0026 Deli","originalName":"Meat, Seafood \u0026 Deli","productCount":44,"seoToken":"meat-seafood-deli","type":"CATALOG","catalogGroupView":[{"id":"8906203","level":3,"name":"Deli Cheese \u0026 Platters","originalName":"Deli Cheese \u0026 Platters","productCount":12,"seoToken":"deli-cheese-platters","type":"CATALOG"},{"id":"8906034","level":3,"name":"Deli Foods","originalName":"Deli Foods","productCount":10,"seoToken":"deli-foods","type":"CATALOG"},{"id":"8912022","level":3,"name":"Fish \u0026 Seafood","originalName":"Fish \u0026  Seafood","productCount":4,"seoToken":"fish-seafood","type":"CATALOG"},{"id":"8906035","level":3,"name":"Meat","originalName":"Meat","productCount":18,"seoToken":"meat","type":"CATALOG"}]},{"id":"8906014","level":2,"name":"Pantry Items","originalName":"Pantry Items","productCount":94,"seoToken":"pantry-items","type":"CATALOG","catalogGroupView":[{"id":"8906037","level":3,"name":"Baking \u0026 Sugar","originalName":"Baking \u0026 Sugar","productCount":5,"seoToken":"baking-sugar","type":"CATALOG"},{"id":"8906038","level":3,"name":"Canned \u0026 Pickled Foods","originalName":"Canned \u0026 Pickled Foods","productCount":22,"seoToken":"canned-pickled-foods","type":"CATALOG"},{"id":"8906039","level":3,"name":"Cereals \u0026 Spreads","originalName":"Cereals \u0026 Spreads","productCount":2,"seoToken":"cereals-spreads","type":"CATALOG"},{"id":"8906040","level":3,"name":"Healthier Foods","originalName":"Healthier Foods","productCount":12,"seoToken":"healthier-foods","type":"CATALOG"},{"id":"8916200","level":3,"name":"Lollies \u0026 Gum","originalName":"Lollies \u0026 Gum","productCount":3,"seoToken":"lollies-gum","type":"CATALOG"},{"id":"8906041","level":3,"name":"Pasta \u0026 Rice","originalName":"Pasta \u0026 Rice","productCount":1,"seoToken":"pasta-rice","type":"CATALOG"},{"id":"8906042","level":3,"name":"Sauces \u0026 Dressings","originalName":"Sauces \u0026 Dressings","productCount":21,"seoToken":"sauces-dressings","type":"CATALOG"},{"id":"8906201","level":3,"name":"Soup \u0026 Noodles","originalName":"Soup \u0026 Noodles","productCount":3,"seoToken":"soup-noodles","type":"CATALOG"},{"id":"8906043","level":3,"name":"World Foods","originalName":"World Foods","productCount":25,"seoToken":"world-foods","type":"CATALOG"}]},{"id":"8906015","level":2,"name":"Personal \u0026 Baby Care","originalName":"Personal \u0026 Baby Care","productCount":149,"seoToken":"personal-baby-care","type":"CATALOG","catalogGroupView":[{"id":"8912024","level":3,"name":"Baby Care","originalName":"Baby Care","productCount":6,"seoToken":"baby-care","type":"CATALOG"},{"id":"8912025","level":3,"name":"Baby Formula and Food","originalName":"Baby Formula And Food","productCount":17,"seoToken":"baby-formula-and-food","type":"CATALOG"},{"id":"8906045","level":3,"name":"Hair \u0026 Skin Care","originalName":"Hair \u0026 Skin Care","productCount":35,"seoToken":"hair-skin-care","type":"CATALOG"},{"id":"8906046","level":3,"name":"Medicinal Care","originalName":"Medicinal Care","productCount":35,"seoToken":"medicinal-care","type":"CATALOG"},{"id":"8906047","level":3,"name":"Oral Care","originalName":"Oral Care","productCount":1,"seoToken":"oral-care","type":"CATALOG"},{"id":"8912026","level":3,"name":"Period Products","originalName":"Period Products","productCount":2,"seoToken":"period-products","type":"CATALOG"},{"id":"8912027","level":3,"name":"Vitamins \u0026 Other","originalName":"Vitamins \u0026 Other","productCount":53,"seoToken":"vitamins-other","type":"CATALOG"}]},{"id":"8906016","level":2,"name":"Snacking","originalName":"Snacking","productCount":47,"seoToken":"snacking","type":"CATALOG","catalogGroupView":[{"id":"8906202","level":3,"name":"Biscuits \u0026 Crackers","originalName":"Biscuits \u0026 Crackers","productCount":1,"seoToken":"biscuits-crackers","type":"CATALOG"},{"id":"8906048","level":3,"name":"Desserts \u0026 Chocolate","originalName":"Desserts \u0026 Chocolate","productCount":2,"seoToken":"desserts-chocolate","type":"CATALOG"},{"id":"8906049","level":3,"name":"Snack Foods","originalName":"Snack Foods","productCount":44,"seoToken":"snack-foods","type":"CATALOG"}]}]},{"id":"8904801","level":1,"name":"Back to School","originalName":"Back To School","productCount":1005,"seoToken":"back-to-school","type":"CATALOG","catalogGroupView":[{"id":"8910000","level":2,"name":"Easy School Night Dinners","originalName":"Easy School Night Dinners","productCount":336,"seoToken":"easy-school-night-dinners","type":"CATALOG","catalogGroupView":[{"id":"8914203","level":3,"name":"Frozen Foods","originalName":"Frozen Foods","productCount":48,"seoToken":"frozen-foods","type":"CATALOG"},{"id":"8914200","level":3,"name":"Kits \u0026 Meal Bases","originalName":"Kits \u0026 Meal Bases","productCount":78,"seoToken":"kits-meal-bases","type":"CATALOG"},{"id":"8914202","level":3,"name":"Pizza, Pasta \u0026 Sauces","originalName":"Pizza, Pasta \u0026 Sauces","productCount":83,"seoToken":"pizza-pasta-sauces","type":"CATALOG"},{"id":"8914201","level":3,"name":"Pre-Marinated Meats \u0026 Ready Meals","originalName":"Pre-Marinated Meats \u0026 Ready Meals","productCount":49,"seoToken":"pre-marinated-meats-ready-meals","type":"CATALOG"},{"id":"8914204","level":3,"name":"Salad Kits \u0026 Sides","originalName":"Salad Kits \u0026 Sides","productCount":78,"seoToken":"salad-kits-sides","type":"CATALOG"}]},{"id":"8908402","level":2,"name":"School Breakfast","originalName":"School Breakfast","productCount":120,"seoToken":"school-breakfast","type":"CATALOG","catalogGroupView":[{"id":"8908416","level":3,"name":"Breakfast At Home","originalName":"Breakfast At Home","productCount":74,"seoToken":"breakfast-at-home","type":"CATALOG"},{"id":"8908420","level":3,"name":"Breakfast On the Go","originalName":"Breakfast On The Go","productCount":46,"seoToken":"breakfast-on-the-go","type":"CATALOG"}]},{"id":"8908403","level":2,"name":"School Lunches \u0026 Snacking","originalName":"School Lunches \u0026 Snacking","productCount":378,"seoToken":"school-lunches-snacking","type":"CATALOG","catalogGroupView":[{"id":"8916400","level":3,"name":"Easy Lunches","originalName":"Easy Lunches","productCount":75,"seoToken":"easy-lunches","type":"CATALOG"},{"id":"8910005","level":3,"name":"Lunch Snacks","originalName":"Lunch Snacks","productCount":94,"seoToken":"lunch-snacks","type":"CATALOG"},{"id":"8910002","level":3,"name":"Lunchbox Drinks","originalName":"Lunchbox Drinks","productCount":44,"seoToken":"lunchbox-drinks","type":"CATALOG"},{"id":"8910006","level":3,"name":"Lunchboxes, Bottles \u0026 Sandwich Bags","originalName":"Lunchboxes, Bottles \u0026 Sandwich Bags","productCount":42,"seoToken":"lunchboxes-bottles-sandwich-bags","type":"CATALOG"},{"id":"8908425","level":3,"name":"Sandwich \u0026 Wrap Essential","originalName":"Sandwich \u0026 Wrap Essential","productCount":123,"seoToken":"sandwich-wrap-essential","type":"CATALOG"}]},{"id":"8908404","level":2,"name":"School Stationery \u0026 Accessories","originalName":"School Stationery \u0026 Accessories","productCount":171,"seoToken":"school-stationery-accessories","type":"CATALOG","catalogGroupView":[{"id":"8916402","level":3,"name":"Schoolbag Essentials","originalName":"Schoolbag Essentials","productCount":63,"seoToken":"schoolbag-essentials","type":"CATALOG"},{"id":"8916401","level":3,"name":"Shoes Care \u0026 Clothing","originalName":"Shoes Care \u0026 Clothing","productCount":30,"seoToken":"shoes-care-clothing","type":"CATALOG"},{"id":"8908431","level":3,"name":"Stationery \u0026 Technology","originalName":"Stationery \u0026 Technology","productCount":78,"seoToken":"stationery-technology","type":"CATALOG"}]}]},{"id":"589126221","level":1,"name":"Bonus Credit Products","originalName":"Bonus Credit Products","productCount":1057,"seoToken":"bonus-credit-products","type":"CATALOG","catalogGroupView":[{"id":"589126542","level":2,"name":"Aerogard","originalName":"Aerogard","productCount":13,"seoToken":"aerogard","type":"CATALOG","catalogGroupView":[{"id":"589250523","level":3,"name":"Pest Control","originalName":"Pest Control","productCount":13,"seoToken":"pest-control","type":"CATALOG"}]},{"id":"589127446","level":2,"name":"Air Wick","originalName":"Air Wick","productCount":55,"seoToken":"air-wick","type":"CATALOG","catalogGroupView":[{"id":"589252393","level":3,"name":"Air Care","originalName":"Air Care","productCount":55,"seoToken":"air-care","type":"CATALOG"}]},{"id":"589128681","level":2,"name":"Barilla","originalName":"Barilla","productCount":28,"seoToken":"barilla","type":"CATALOG","catalogGroupView":[{"id":"589253824","level":3,"name":"Pasta \u0026 Pasta Sauce","originalName":"Pasta \u0026 Pasta Sauce","productCount":28,"seoToken":"pasta-pasta-sauce","type":"CATALOG"}]},{"id":"589129830","level":2,"name":"Bens Original","originalName":"Bens Original","productCount":13,"seoToken":"bens-original","type":"CATALOG","catalogGroupView":[{"id":"589277801","level":3,"name":"Rice","originalName":"Rice","productCount":13,"seoToken":"rice","type":"CATALOG"}]},{"id":"589132455","level":2,"name":"Botanica","originalName":"Botanica","productCount":28,"seoToken":"botanica","type":"CATALOG","catalogGroupView":[{"id":"589280823","level":3,"name":"Air Freshener","originalName":"Air freshener","productCount":28,"seoToken":"air-freshener","type":"CATALOG"}]},{"id":"589135873","level":2,"name":"Chux","originalName":"Chux","productCount":24,"seoToken":"chux","type":"CATALOG","catalogGroupView":[{"id":"589283374","level":3,"name":"Scourers \u0026 Sponges","originalName":"Scourers \u0026 sponges","productCount":24,"seoToken":"scourers-sponges","type":"CATALOG"}]},{"id":"589137382","level":2,"name":"Coca Cola","originalName":"Coca Cola","productCount":15,"seoToken":"coca-cola","type":"CATALOG","catalogGroupView":[{"id":"589286198","level":3,"name":"Soft Drinks","originalName":"Soft Drinks","productCount":15,"seoToken":"soft-drinks","type":"CATALOG"}]},{"id":"589145706","level":2,"name":"Coles Finest","originalName":"Coles Finest","productCount":105,"seoToken":"coles-finest","type":"CATALOG","catalogGroupView":[{"id":"589298931","level":3,"name":"Bakery Instore","originalName":"Bakery Instore","productCount":25,"seoToken":"bakery-instore","type":"CATALOG"},{"id":"589293922","level":3,"name":"Biscuits \u0026 Cookies","originalName":"Biscuits \u0026 Cookies","productCount":7,"seoToken":"biscuits-cookies","type":"CATALOG"},{"id":"589324269","level":3,"name":"Chilled Desserts \u0026 Icecream","originalName":"Chilled Desserts \u0026 Icecream","productCount":4,"seoToken":"chilled-desserts-icecream","type":"CATALOG"},{"id":"589316404","level":3,"name":"Confectionery \u0026 Chocolates","originalName":"Confectionery \u0026 Chocolates","productCount":7,"seoToken":"confectionery-chocolates","type":"CATALOG"},{"id":"589309478","level":3,"name":"Fresh Cheese","originalName":"Fresh Cheese","productCount":16,"seoToken":"fresh-cheese","type":"CATALOG"},{"id":"589308512","level":3,"name":"Fresh Juice","originalName":"Fresh Juice","productCount":4,"seoToken":"fresh-juice","type":"CATALOG"},{"id":"589326960","level":3,"name":"Frozen Desserts \u0026 Snacks","originalName":"Frozen Desserts \u0026 Snacks","productCount":4,"seoToken":"frozen-desserts-snacks","type":"CATALOG"},{"id":"589310873","level":3,"name":"Honey \u0026 Dried Fruits","originalName":"Honey \u0026 Dried Fruits","productCount":4,"seoToken":"honey-dried-fruits","type":"CATALOG"},{"id":"589288689","level":3,"name":"Meat \u0026 Seafood","originalName":"Meat \u0026 seafood","productCount":17,"seoToken":"meat-seafood","type":"CATALOG"},{"id":"589304317","level":3,"name":"Pasta \u0026 Pizza","originalName":"Pasta \u0026 Pizza","productCount":6,"seoToken":"pasta-pizza","type":"CATALOG"},{"id":"589315010","level":3,"name":"Pickled Veggie","originalName":"Pickled Veggie","productCount":2,"seoToken":"pickled-veggie","type":"CATALOG"},{"id":"589300978","level":3,"name":"Ready to Eat Meals","originalName":"Ready to eat Meals","productCount":2,"seoToken":"ready-to-eat-meals","type":"CATALOG"},{"id":"589311906","level":3,"name":"Toppings \u0026 Salad Dressings","originalName":"Toppings \u0026 Salad Dressings","productCount":2,"seoToken":"toppings-salad-dressings","type":"CATALOG"},{"id":"589302486","level":3,"name":"World Food Meals","originalName":"World Food Meals","productCount":5,"seoToken":"world-food-meals","type":"CATALOG"}]},{"id":"589152116","level":2,"name":"Colgate","originalName":"Colgate","productCount":114,"seoToken":"colgate","type":"CATALOG","catalogGroupView":[{"id":"589344766","level":3,"name":"Oral Care \u0026 Dental Accessories","originalName":"Oral Care \u0026 Dental accessories","productCount":23,"seoToken":"oral-care-dental-accessories","type":"CATALOG"},{"id":"589341545","level":3,"name":"Toothpaste \u0026 Toothbrushes","originalName":"Toothpaste \u0026 Toothbrushes","productCount":91,"seoToken":"toothpaste-toothbrushes","type":"CATALOG"}]},{"id":"589194780","level":2,"name":"Connoisseur","originalName":"Connoisseur","productCount":31,"seoToken":"connoisseur","type":"CATALOG","catalogGroupView":[{"id":"589345557","level":3,"name":"Icecream Stick \u0026 Tub","originalName":"Icecream Stick \u0026 Tub","productCount":31,"seoToken":"icecream-stick-tub","type":"CATALOG"}]},{"id":"589197009","level":2,"name":"Dolmio","originalName":"Dolmio","productCount":19,"seoToken":"dolmio","type":"CATALOG","catalogGroupView":[{"id":"589345688","level":3,"name":"Pasta Sauce","originalName":"Pasta Sauce","productCount":19,"seoToken":"pasta-sauce","type":"CATALOG"}]},{"id":"589197424","level":2,"name":"Downy","originalName":"Downy","productCount":9,"seoToken":"downy","type":"CATALOG","catalogGroupView":[{"id":"589346060","level":3,"name":"Laundry Accessories","originalName":"Laundry Accessories","productCount":9,"seoToken":"laundry-accessories","type":"CATALOG"}]},{"id":"589203721","level":2,"name":"Fairy","originalName":"Fairy","productCount":15,"seoToken":"fairy","type":"CATALOG","catalogGroupView":[{"id":"589346786","level":3,"name":"Dishwashing Needs","originalName":"Dishwashing Needs","productCount":15,"seoToken":"dishwashing-needs","type":"CATALOG"}]},{"id":"589205940","level":2,"name":"Glad","originalName":"Glad","productCount":35,"seoToken":"glad","type":"CATALOG","catalogGroupView":[{"id":"589373116","level":3,"name":"Kitchen Bags \u0026 Cling Wraps","originalName":"Kitchen Bags \u0026 Cling Wraps","productCount":33,"seoToken":"kitchen-bags-cling-wraps","type":"CATALOG"},{"id":"589374381","level":3,"name":"Trays","originalName":"Trays","productCount":2,"seoToken":"trays","type":"CATALOG"}]},{"id":"589208067","level":2,"name":"Masterfoods","originalName":"Masterfoods","productCount":153,"seoToken":"masterfoods","type":"CATALOG","catalogGroupView":[{"id":"589457457","level":3,"name":"Sauces","originalName":"Sauces","productCount":41,"seoToken":"sauces","type":"CATALOG"},{"id":"589378626","level":3,"name":"Seasoning, Spices \u0026 Herbs","originalName":"Seasoning, Spices \u0026 Herbs","productCount":112,"seoToken":"seasoning-spices-herbs","type":"CATALOG"}]},{"id":"589210246","level":2,"name":"Mortein","originalName":"Mortein","productCount":36,"seoToken":"mortein","type":"CATALOG","catalogGroupView":[{"id":"589436953","level":3,"name":"Insect Control","originalName":"Insect Control","productCount":36,"seoToken":"insect-control","type":"CATALOG"}]},{"id":"589212823","level":2,"name":"Mount Franklin","originalName":"Mount Franklin","productCount":22,"seoToken":"mount-franklin","type":"CATALOG","catalogGroupView":[{"id":"589439916","level":3,"name":"Sparkling Water","originalName":"Sparkling Water","productCount":20,"seoToken":"sparkling-water","type":"CATALOG"},{"id":"589438437","level":3,"name":"Spring \u0026 Still Water","originalName":"Spring \u0026 Still Water","productCount":2,"seoToken":"spring-still-water","type":"CATALOG"}]},{"id":"591851527","level":2,"name":"Palmolive","originalName":"Palmolive","productCount":72,"seoToken":"palmolive","type":"CATALOG","catalogGroupView":[{"id":"591851560","level":3,"name":"Soaps \u0026 Body Wash","originalName":"Soaps \u0026 Body Wash","productCount":72,"seoToken":"soaps-body-wash","type":"CATALOG"}]},{"id":"589213771","level":2,"name":"Primo Foods","originalName":"Primo Foods","productCount":62,"seoToken":"primo-foods","type":"CATALOG","catalogGroupView":[{"id":"589445550","level":3,"name":"Cheese \u0026 Crackers","originalName":"Cheese \u0026 Crackers","productCount":15,"seoToken":"cheese-crackers","type":"CATALOG"},{"id":"589442842","level":3,"name":"Meat","originalName":"Meat","productCount":47,"seoToken":"meat","type":"CATALOG"}]},{"id":"589218602","level":2,"name":"Red Rock Deli","originalName":"Red Rock Deli","productCount":11,"seoToken":"red-rock-deli","type":"CATALOG","catalogGroupView":[{"id":"589448170","level":3,"name":"Crackers","originalName":"Crackers","productCount":11,"seoToken":"crackers","type":"CATALOG"}]},{"id":"589221250","level":2,"name":"Schwarzkopf","originalName":"Schwarzkopf","productCount":122,"seoToken":"schwarzkopf","type":"CATALOG","catalogGroupView":[{"id":"589449758","level":3,"name":"Hair Care \u0026 Treatment","originalName":"Hair Care \u0026 Treatment","productCount":122,"seoToken":"hair-care-treatment","type":"CATALOG"}]},{"id":"589246122","level":2,"name":"Swisse","originalName":"Swisse","productCount":71,"seoToken":"swisse","type":"CATALOG","catalogGroupView":[{"id":"589451527","level":3,"name":"Vitamins","originalName":"Vitamins","productCount":71,"seoToken":"vitamins","type":"CATALOG"}]},{"id":"589247002","level":2,"name":"Tide","originalName":"Tide","productCount":4,"seoToken":"tide","type":"CATALOG","catalogGroupView":[{"id":"589455338","level":3,"name":"Laundry Capsules","originalName":"Laundry Capsules","productCount":4,"seoToken":"laundry-capsules","type":"CATALOG"}]}]},{"id":"7238","level":1,"name":"Meat \u0026 Seafood","originalName":"Meat \u0026 Seafood","productCount":506,"seoToken":"meat-seafood","type":"CATALOG","catalogGroupView":[{"id":"8892656","level":2,"name":"Bbq, Sausages \u0026 Burgers","originalName":"Bbq, Sausages \u0026 Burgers","productCount":52,"seoToken":"bbq-sausages-burgers","type":"CATALOG","catalogGroupView":[{"id":"8892658","level":3,"name":"Burgers \u0026 Rissoles","originalName":"Burgers \u0026 Rissoles","productCount":11,"seoToken":"burgers-rissoles","type":"CATALOG"},{"id":"8892659","level":3,"name":"Kebabs","originalName":"Kebabs","productCount":5,"seoToken":"kebabs","type":"CATALOG"},{"id":"8892660","level":3,"name":"Meatballs","originalName":"Meatballs","productCount":4,"seoToken":"meatballs","type":"CATALOG"},{"id":"8892661","level":3,"name":"Sausage Mince","originalName":"Sausage Mince","productCount":1,"seoToken":"sausage-mince","type":"CATALOG"},{"id":"8892662","level":3,"name":"Sausages","originalName":"Sausages","productCount":31,"seoToken":"sausages","type":"CATALOG"}]},{"id":"8892621","level":2,"name":"Beef \u0026 Veal","originalName":"Beef \u0026 Veal","productCount":91,"seoToken":"beef-veal","type":"CATALOG","catalogGroupView":[{"id":"8892622","level":3,"name":"Beef \u0026 Veal Mince","originalName":"Beef \u0026 Veal Mince","productCount":8,"seoToken":"beef-veal-mince","type":"CATALOG"},{"id":"8892623","level":3,"name":"Beef Bones \u0026 Offal","originalName":"Beef Bones \u0026 Offal","productCount":3,"seoToken":"beef-bones-offal","type":"CATALOG"},{"id":"8892624","level":3,"name":"Beef Roasts","originalName":"Beef Roasts","productCount":14,"seoToken":"beef-roasts","type":"CATALOG"},{"id":"8892625","level":3,"name":"Beef Steaks","originalName":"Beef Steaks","productCount":39,"seoToken":"beef-steaks","type":"CATALOG"},{"id":"8892626","level":3,"name":"Crumbed Beef","originalName":"Crumbed Beef","productCount":1,"seoToken":"crumbed-beef","type":"CATALOG"},{"id":"8892627","level":3,"name":"Graze Beef","originalName":"Graze Beef","productCount":7,"seoToken":"graze-beef","type":"CATALOG"},{"id":"8892629","level":3,"name":"Slow Cook \u0026 Casserole Beef","originalName":"Slow Cook \u0026 Casserole Beef","productCount":11,"seoToken":"slow-cook-casserole-beef","type":"CATALOG"},{"id":"8892630","level":3,"name":"Stir Fry \u0026 Diced Beef","originalName":"Stir Fry \u0026 Diced Beef","productCount":6,"seoToken":"stir-fry-diced-beef","type":"CATALOG"},{"id":"8892631","level":3,"name":"Veal","originalName":"Veal","productCount":2,"seoToken":"veal","type":"CATALOG"}]},{"id":"8892679","level":2,"name":"Coles Made Easy Range","originalName":"Coles Made Easy Range","productCount":37,"seoToken":"coles-made-easy-range","type":"CATALOG","catalogGroupView":[{"id":"8892680","level":3,"name":"Easy Meals","originalName":"Easy Meals","productCount":14,"seoToken":"easy-meals","type":"CATALOG"},{"id":"8892681","level":3,"name":"Grill","originalName":"Grill","productCount":2,"seoToken":"grill","type":"CATALOG"},{"id":"8892682","level":3,"name":"Pastry","originalName":"Pastry","productCount":3,"seoToken":"pastry","type":"CATALOG"},{"id":"8892683","level":3,"name":"Slow Cook","originalName":"Slow Cook","productCount":18,"seoToken":"slow-cook","type":"CATALOG"}]},{"id":"8892689","level":2,"name":"Game","originalName":"Game","productCount":10,"seoToken":"game","type":"CATALOG","catalogGroupView":[{"id":"8892690","level":3,"name":"Kangaroo","originalName":"Kangaroo","productCount":9,"seoToken":"kangaroo","type":"CATALOG"},{"id":"8892691","level":3,"name":"Other Game","originalName":"Other Game","productCount":1,"seoToken":"other-game","type":"CATALOG"}]},{"id":"8892632","level":2,"name":"Hams \u0026 Bacon","originalName":"Hams \u0026 Bacon","productCount":8,"seoToken":"hams-bacon","type":"CATALOG","catalogGroupView":[{"id":"8892636","level":3,"name":"Ham Portions","originalName":"Ham Portions","productCount":6,"seoToken":"ham-portions","type":"CATALOG"},{"id":"8892637","level":3,"name":"Ham Shoulder \u0026 Steaks","originalName":"Ham Shoulder \u0026 Steaks","productCount":2,"seoToken":"ham-shoulder-steaks","type":"CATALOG"}]},{"id":"8892638","level":2,"name":"Lamb","originalName":"Lamb","productCount":37,"seoToken":"lamb","type":"CATALOG","catalogGroupView":[{"id":"8892642","level":3,"name":"Diced Lamb","originalName":"Diced Lamb","productCount":2,"seoToken":"diced-lamb","type":"CATALOG"},{"id":"8892639","level":3,"name":"Graze Grass-Fed Lamb","originalName":"Graze Grass-Fed Lamb","productCount":5,"seoToken":"graze-grass-fed-lamb","type":"CATALOG"},{"id":"8892640","level":3,"name":"Lamb Chops","originalName":"Lamb Chops","productCount":6,"seoToken":"lamb-chops","type":"CATALOG"},{"id":"8892641","level":3,"name":"Lamb Cutlets","originalName":"Lamb Cutlets","productCount":2,"seoToken":"lamb-cutlets","type":"CATALOG"},{"id":"8892643","level":3,"name":"Lamb Offal","originalName":"Lamb Offal","productCount":2,"seoToken":"lamb-offal","type":"CATALOG"},{"id":"8892644","level":3,"name":"Lamb Roasts","originalName":"Lamb Roasts","productCount":14,"seoToken":"lamb-roasts","type":"CATALOG"},{"id":"8892645","level":3,"name":"Lamb Shanks","originalName":"Lamb Shanks","productCount":2,"seoToken":"lamb-shanks","type":"CATALOG"},{"id":"8892646","level":3,"name":"Lamb Steak","originalName":"Lamb Steak","productCount":4,"seoToken":"lamb-steak","type":"CATALOG"}]},{"id":"8892664","level":2,"name":"Mince","originalName":"Mince","productCount":19,"seoToken":"mince","type":"CATALOG","catalogGroupView":[{"id":"8892665","level":3,"name":"Beef \u0026 Veal Mince","originalName":"Beef \u0026 Veal Mince","productCount":8,"seoToken":"beef-veal-mince","type":"CATALOG"},{"id":"8892666","level":3,"name":"Chicken \u0026 Turkey Mince","originalName":"Chicken \u0026 Turkey Mince","productCount":3,"seoToken":"chicken-turkey-mince","type":"CATALOG"},{"id":"8892667","level":3,"name":"Kangaroo \u0026 Wallaby Mince","originalName":"Kangaroo \u0026 Wallaby Mince","productCount":1,"seoToken":"kangaroo-wallaby-mince","type":"CATALOG"},{"id":"8892668","level":3,"name":"Lamb Mince","originalName":"Lamb Mince","productCount":2,"seoToken":"lamb-mince","type":"CATALOG"},{"id":"8892669","level":3,"name":"Pork Mince","originalName":"Pork Mince","productCount":4,"seoToken":"pork-mince","type":"CATALOG"},{"id":"8892670","level":3,"name":"Sausage Mince","originalName":"Sausage Mince","productCount":1,"seoToken":"sausage-mince","type":"CATALOG"}]},{"id":"8892684","level":2,"name":"Organic Meat","originalName":"Organic Meat","productCount":21,"seoToken":"organic-meat","type":"CATALOG","catalogGroupView":[{"id":"8892685","level":3,"name":"Organic Beef","originalName":"Organic Beef","productCount":8,"seoToken":"organic-beef","type":"CATALOG"},{"id":"8892686","level":3,"name":"Organic Lamb","originalName":"Organic Lamb","productCount":1,"seoToken":"organic-lamb","type":"CATALOG"},{"id":"8892687","level":3,"name":"Organic Poultry","originalName":"Organic Poultry","productCount":8,"seoToken":"organic-poultry","type":"CATALOG"},{"id":"8892688","level":3,"name":"Organic Sausages \u0026 Meatballs","originalName":"Organic Sausages \u0026 Meatballs","productCount":4,"seoToken":"organic-sausages-meatballs","type":"CATALOG"}]},{"id":"8892647","level":2,"name":"Pork","originalName":"Pork","productCount":38,"seoToken":"pork","type":"CATALOG","catalogGroupView":[{"id":"8892649","level":3,"name":"Free Range Pork","originalName":"Free Range Pork","productCount":6,"seoToken":"free-range-pork","type":"CATALOG"},{"id":"8892650","level":3,"name":"Pork Chops","originalName":"Pork Chops","productCount":4,"seoToken":"pork-chops","type":"CATALOG"},{"id":"8892651","level":3,"name":"Pork Marinade","originalName":"Pork Marinade","productCount":8,"seoToken":"pork-marinade","type":"CATALOG"},{"id":"8892652","level":3,"name":"Pork Mince","originalName":"Pork Mince","productCount":4,"seoToken":"pork-mince","type":"CATALOG"},{"id":"8892653","level":3,"name":"Pork Ribs","originalName":"Pork Ribs","productCount":5,"seoToken":"pork-ribs","type":"CATALOG"},{"id":"8892654","level":3,"name":"Pork Roasts","originalName":"Pork Roasts","productCount":6,"seoToken":"pork-roasts","type":"CATALOG"},{"id":"8892655","level":3,"name":"Pork Steaks","originalName":"Pork Steaks","productCount":5,"seoToken":"pork-steaks","type":"CATALOG"}]},{"id":"8892602","level":2,"name":"Poultry","originalName":"Poultry","productCount":132,"seoToken":"poultry","type":"CATALOG","catalogGroupView":[{"id":"8892603","level":3,"name":"Breast Fillets","originalName":"Breast Fillets","productCount":14,"seoToken":"breast-fillets","type":"CATALOG"},{"id":"8892604","level":3,"name":"Chicken Offal","originalName":"Chicken Offal","productCount":3,"seoToken":"chicken-offal","type":"CATALOG"},{"id":"8892606","level":3,"name":"Chicken Wings","originalName":"Chicken Wings","productCount":6,"seoToken":"chicken-wings","type":"CATALOG"},{"id":"8892607","level":3,"name":"Crumbed Chicken","originalName":"Crumbed Chicken","productCount":20,"seoToken":"crumbed-chicken","type":"CATALOG"},{"id":"8892608","level":3,"name":"Diced, Stir-Fry \u0026 Tenders","originalName":"Diced, Stir-Fry \u0026 Tenders","productCount":6,"seoToken":"diced-stir-fry-tenders","type":"CATALOG"},{"id":"8892609","level":3,"name":"Drumsticks \u0026 Maryland","originalName":"Drumsticks \u0026 Maryland","productCount":2,"seoToken":"drumsticks-maryland","type":"CATALOG"},{"id":"8892616","level":3,"name":"Duck","originalName":"Duck","productCount":6,"seoToken":"duck","type":"CATALOG"},{"id":"8892611","level":3,"name":"Free Range Chicken","originalName":"Free Range Chicken","productCount":31,"seoToken":"free-range-chicken","type":"CATALOG"},{"id":"8892612","level":3,"name":"Kebabs \u0026 Bites","originalName":"Kebabs \u0026 Bites","productCount":7,"seoToken":"kebabs-bites","type":"CATALOG"},{"id":"8892804","level":3,"name":"Marinated \u0026 Roast Chicken","originalName":"Marinated \u0026 Roast Chicken","productCount":11,"seoToken":"marinated-roast-chicken","type":"CATALOG"},{"id":"8892620","level":3,"name":"Poultry Deli","originalName":"Poultry Deli","productCount":12,"seoToken":"poultry-deli","type":"CATALOG"},{"id":"8892614","level":3,"name":"Thigh Fillets","originalName":"Thigh Fillets","productCount":3,"seoToken":"thigh-fillets","type":"CATALOG"},{"id":"8892618","level":3,"name":"Turkey","originalName":"Turkey","productCount":1,"seoToken":"turkey","type":"CATALOG"},{"id":"8892615","level":3,"name":"Whole Chicken","originalName":"Whole Chicken","productCount":10,"seoToken":"whole-chicken","type":"CATALOG"}]},{"id":"8892671","level":2,"name":"Seafood","originalName":"Seafood","productCount":61,"seoToken":"seafood","type":"CATALOG","catalogGroupView":[{"id":"8892672","level":3,"name":"Deli Crab \u0026 Lobster","originalName":"Deli Crab \u0026 Lobster","productCount":1,"seoToken":"deli-crab-lobster","type":"CATALOG"},{"id":"8892673","level":3,"name":"Deli Fish","originalName":"Deli Fish","productCount":5,"seoToken":"deli-fish","type":"CATALOG"},{"id":"8892674","level":3,"name":"Deli Marinara Mix and Other Seafood","originalName":"Deli Marinara Mix And Other Seafood","productCount":1,"seoToken":"deli-marinara-mix-and-other-seafood","type":"CATALOG"},{"id":"8892676","level":3,"name":"Deli Prawns","originalName":"Deli Prawns","productCount":6,"seoToken":"deli-prawns","type":"CATALOG"},{"id":"8892677","level":3,"name":"Prepacked Seafood","originalName":"Prepacked Seafood","productCount":21,"seoToken":"prepacked-seafood","type":"CATALOG"},{"id":"8892678","level":3,"name":"Smoked and Cured Fish","originalName":"Smoked And Cured Fish","productCount":27,"seoToken":"smoked-and-cured-fish","type":"CATALOG"}]}]},{"id":"2100","level":1,"name":"Fruit \u0026 Vegetables","originalName":"Fruit \u0026 Vegetables","productCount":734,"seoToken":"fruit-vegetables","type":"CATALOG","catalogGroupView":[{"id":"1302","level":2,"name":"Fruit","originalName":"Fruit","productCount":110,"seoToken":"fruit","type":"CATALOG","catalogGroupView":[{"id":"1310","level":3,"name":"Apples","originalName":"Apples","productCount":16,"seoToken":"apples","type":"CATALOG"},{"id":"8891811","level":3,"name":"Avocados","originalName":"Avocados","productCount":4,"seoToken":"avocados","type":"CATALOG"},{"id":"1700","level":3,"name":"Bananas","originalName":"Bananas","productCount":6,"seoToken":"bananas","type":"CATALOG"},{"id":"1701","level":3,"name":"Berries \u0026 Cherries","originalName":"Berries \u0026 Cherries","productCount":10,"seoToken":"berries-cherries","type":"CATALOG"},{"id":"1720","level":3,"name":"Coconuts","originalName":"Coconuts","productCount":2,"seoToken":"coconuts","type":"CATALOG"},{"id":"1722","level":3,"name":"Cut Fruit","originalName":"Cut Fruit","productCount":5,"seoToken":"cut-fruit","type":"CATALOG"},{"id":"3107","level":3,"name":"Grapefruit","originalName":"Grapefruit","productCount":1,"seoToken":"grapefruit","type":"CATALOG"},{"id":"1702","level":3,"name":"Grapes","originalName":"Grapes","productCount":5,"seoToken":"grapes","type":"CATALOG"},{"id":"1708","level":3,"name":"Kiwi Fruit","originalName":"Kiwi Fruit","productCount":4,"seoToken":"kiwi-fruit","type":"CATALOG"},{"id":"3109","level":3,"name":"Lemons \u0026 Limes","originalName":"Lemons \u0026 Limes","productCount":5,"seoToken":"lemons-limes","type":"CATALOG"},{"id":"3108","level":3,"name":"Mandarins","originalName":"Mandarins","productCount":7,"seoToken":"mandarins","type":"CATALOG"},{"id":"1706","level":3,"name":"Mangoes","originalName":"Mangoes","productCount":7,"seoToken":"mangoes","type":"CATALOG"},{"id":"1707","level":3,"name":"Melons","originalName":"Melons","productCount":9,"seoToken":"melons","type":"CATALOG"},{"id":"1703","level":3,"name":"Oranges","originalName":"Oranges","productCount":4,"seoToken":"oranges","type":"CATALOG"},{"id":"1309","level":3,"name":"Organic Fruit","originalName":"Organic Fruit","productCount":8,"seoToken":"organic-fruit","type":"CATALOG"},{"id":"1709","level":3,"name":"Peaches \u0026 Nectarines","originalName":"Peaches \u0026 Nectarines","productCount":4,"seoToken":"peaches-nectarines","type":"CATALOG"},{"id":"1311","level":3,"name":"Pears","originalName":"Pears","productCount":5,"seoToken":"pears","type":"CATALOG"},{"id":"1704","level":3,"name":"Pineapples","originalName":"Pineapples","productCount":3,"seoToken":"pineapples","type":"CATALOG"},{"id":"1721","level":3,"name":"Tropical \u0026 Exotic Fruit","originalName":"Tropical \u0026 Exotic Fruit","productCount":5,"seoToken":"tropical-exotic-fruit","type":"CATALOG"}]},{"id":"1303","level":2,"name":"Vegetables","originalName":"Vegetables","productCount":242,"seoToken":"vegetables","type":"CATALOG","catalogGroupView":[{"id":"789146","level":3,"name":"Asparagus, Fennel \u0026 Artichokes","originalName":"Asparagus, Fennel \u0026 Artichokes","productCount":4,"seoToken":"asparagus-fennel-artichokes","type":"CATALOG"},{"id":"879456","level":3,"name":"Beetroot","originalName":"Beetroot","productCount":5,"seoToken":"beetroot","type":"CATALOG"},{"id":"897984","level":3,"name":"Bok Choy \u0026 Asian Greens","originalName":"Bok Choy \u0026 Asian Greens","productCount":8,"seoToken":"bok-choy-asian-greens","type":"CATALOG"},{"id":"549876","level":3,"name":"Broccoli \u0026 Cauliflower","originalName":"Broccoli \u0026 Cauliflower","productCount":8,"seoToken":"broccoli-cauliflower","type":"CATALOG"},{"id":"789464","level":3,"name":"Cabbage, Kale \u0026 Brussel Sprouts","originalName":"Cabbage, Kale \u0026 Brussel Sprouts","productCount":14,"seoToken":"cabbage-kale-brussel-sprouts","type":"CATALOG"},{"id":"478946","level":3,"name":"Capsicum \u0026 Chillies","originalName":"Capsicum \u0026 Chillies","productCount":20,"seoToken":"capsicum-chillies","type":"CATALOG"},{"id":"541654","level":3,"name":"Carrots \u0026 Parsnips","originalName":"Carrots \u0026 Parsnips","productCount":10,"seoToken":"carrots-parsnips","type":"CATALOG"},{"id":"7594946","level":3,"name":"Celery","originalName":"Celery","productCount":5,"seoToken":"celery","type":"CATALOG"},{"id":"35546754","level":3,"name":"Corn","originalName":"Corn","productCount":4,"seoToken":"corn","type":"CATALOG"},{"id":"564657","level":3,"name":"Cucumber","originalName":"Cucumber","productCount":7,"seoToken":"cucumber","type":"CATALOG"},{"id":"57916","level":3,"name":"Eggplant","originalName":"Eggplant","productCount":1,"seoToken":"eggplant","type":"CATALOG"},{"id":"579846","level":3,"name":"Garlic \u0026 Ginger","originalName":"Garlic \u0026 Ginger","productCount":4,"seoToken":"garlic-ginger","type":"CATALOG"},{"id":"1313","level":3,"name":"Lettuce","originalName":"Lettuce","productCount":7,"seoToken":"lettuce","type":"CATALOG"},{"id":"881346","level":3,"name":"Mashed \u0026 Cut Vegetables","originalName":"Mashed \u0026 Cut Vegetables","productCount":2,"seoToken":"mashed-cut-vegetables","type":"CATALOG"},{"id":"545641","level":3,"name":"Mushrooms","originalName":"Mushrooms","productCount":22,"seoToken":"mushrooms","type":"CATALOG"},{"id":"646512","level":3,"name":"Onion \u0026 Leeks","originalName":"Onion \u0026 Leeks","productCount":10,"seoToken":"onion-leeks","type":"CATALOG"},{"id":"879564","level":3,"name":"Organic Vegetables","originalName":"Organic Vegetables","productCount":42,"seoToken":"organic-vegetables","type":"CATALOG"},{"id":"637948","level":3,"name":"Peas, Beans \u0026 Okra","originalName":"Peas, Beans \u0026 Okra","productCount":9,"seoToken":"peas-beans-okra","type":"CATALOG"},{"id":"545475","level":3,"name":"Potatoes","originalName":"Potatoes","productCount":21,"seoToken":"potatoes","type":"CATALOG"},{"id":"454676","level":3,"name":"Pumpkin","originalName":"Pumpkin","productCount":8,"seoToken":"pumpkin","type":"CATALOG"},{"id":"8892200","level":3,"name":"Rhubarbs","originalName":"Rhubarbs","productCount":1,"seoToken":"rhubarbs","type":"CATALOG"},{"id":"4897465","level":3,"name":"Spinach \u0026 Silverbeet","originalName":"Spinach \u0026 Silverbeet","productCount":2,"seoToken":"spinach-silverbeet","type":"CATALOG"},{"id":"465794","level":3,"name":"Tomatoes","originalName":"Tomatoes","productCount":20,"seoToken":"tomatoes","type":"CATALOG"},{"id":"576791","level":3,"name":"Turnips \u0026 Root Vegetables","originalName":"Turnips \u0026 Root Vegetables","productCount":4,"seoToken":"turnips-root-vegetables","type":"CATALOG"},{"id":"215676","level":3,"name":"Zucchini \u0026 Squash","originalName":"Zucchini \u0026 Squash","productCount":4,"seoToken":"zucchini-squash","type":"CATALOG"}]},{"id":"1723","level":2,"name":"Nuts \u0026 Dried Fruit","originalName":"Nuts \u0026 Dried Fruit","productCount":97,"seoToken":"nuts-dried-fruit","type":"CATALOG","catalogGroupView":[{"id":"8892404","level":3,"name":"Almonds","originalName":"Almonds","productCount":10,"seoToken":"almonds","type":"CATALOG"},{"id":"8892406","level":3,"name":"Cashews","originalName":"Cashews","productCount":13,"seoToken":"cashews","type":"CATALOG"},{"id":"8892411","level":3,"name":"Dates","originalName":"Dates","productCount":4,"seoToken":"dates","type":"CATALOG"},{"id":"8892412","level":3,"name":"Dried Fruit","originalName":"Dried Fruit","productCount":14,"seoToken":"dried-fruit","type":"CATALOG"},{"id":"8892409","level":3,"name":"Mixed Fruit \u0026 Nuts","originalName":"Mixed Fruit \u0026 Nuts","productCount":4,"seoToken":"mixed-fruit-nuts","type":"CATALOG"},{"id":"8892410","level":3,"name":"Other Nuts","originalName":"Other Nuts","productCount":29,"seoToken":"other-nuts","type":"CATALOG"},{"id":"8892407","level":3,"name":"Peanuts","originalName":"Peanuts","productCount":5,"seoToken":"peanuts","type":"CATALOG"},{"id":"8892408","level":3,"name":"Pistachio","originalName":"Pistachio","productCount":3,"seoToken":"pistachio","type":"CATALOG"},{"id":"8892413","level":3,"name":"Pretzels \u0026 Party Mixes","originalName":"Pretzels \u0026 Party Mixes","productCount":15,"seoToken":"pretzels-party-mixes","type":"CATALOG"}]},{"id":"8892201","level":2,"name":"Organic Fruits \u0026 Vegetables","originalName":"Organic Fruits \u0026 Vegetables","productCount":48,"seoToken":"organic-fruits-vegetables","type":"CATALOG","catalogGroupView":[{"id":"8892202","level":3,"name":"Organic Fruits","originalName":"Organic Fruits","productCount":8,"seoToken":"organic-fruits","type":"CATALOG"},{"id":"8892203","level":3,"name":"Organic Vegetables","originalName":"Organic Vegetables","productCount":40,"seoToken":"organic-vegetables","type":"CATALOG"}]},{"id":"8893800","level":2,"name":"Packaged Salad","originalName":"Packaged Salad","productCount":75,"seoToken":"packaged-salad","type":"CATALOG","catalogGroupView":[{"id":"8893803","level":3,"name":"Lettuce \u0026 Mixed Leaf","originalName":"Lettuce \u0026 Mixed Leaf","productCount":19,"seoToken":"lettuce-mixed-leaf","type":"CATALOG"},{"id":"8905200","level":3,"name":"Salad Bowls","originalName":"Salad Bowls","productCount":10,"seoToken":"salad-bowls","type":"CATALOG"},{"id":"8893802","level":3,"name":"Salads Dressed","originalName":"Salads Dressed","productCount":17,"seoToken":"salads-dressed","type":"CATALOG"},{"id":"8893805","level":3,"name":"Sauces \u0026 Salad Dressing","originalName":"Sauces \u0026 Salad Dressing","productCount":7,"seoToken":"sauces-salad-dressing","type":"CATALOG"},{"id":"8893801","level":3,"name":"Slaws \u0026 Salad Kits","originalName":"Slaws \u0026 Salad Kits","productCount":22,"seoToken":"slaws-salad-kits","type":"CATALOG"}]},{"id":"8894601","level":2,"name":"Prepared Vegetable","originalName":"Prepared Vegetable","productCount":31,"seoToken":"prepared-vegetable","type":"CATALOG","catalogGroupView":[{"id":"8914801","level":3,"name":"Airfryer","originalName":"Airfryer","productCount":3,"seoToken":"airfryer","type":"CATALOG"},{"id":"8894602","level":3,"name":"Carb Clever Veggies","originalName":"Carb Clever Veggies","productCount":3,"seoToken":"carb-clever-veggies","type":"CATALOG"},{"id":"8894603","level":3,"name":"Ready to Steam \u0026 Roast","originalName":"Ready To Steam \u0026 Roast","productCount":8,"seoToken":"ready-to-steam-roast","type":"CATALOG"},{"id":"8894604","level":3,"name":"Stir-Fry Veggie \u0026 Sauce","originalName":"Stir-Fry Veggie \u0026 Sauce","productCount":7,"seoToken":"stir-fry-veggie-sauce","type":"CATALOG"},{"id":"8894605","level":3,"name":"Trimmed \u0026 Cut Veggies","originalName":"Trimmed \u0026 Cut Veggies","productCount":6,"seoToken":"trimmed-cut-veggies","type":"CATALOG"},{"id":"8914800","level":3,"name":"Veggie Powder","originalName":"Veggie Powder","productCount":4,"seoToken":"veggie-powder","type":"CATALOG"}]},{"id":"1304","level":2,"name":"Salad \u0026 Herbs","originalName":"Salad \u0026 Herbs","productCount":49,"seoToken":"salad-herbs","type":"CATALOG","catalogGroupView":[{"id":"74564","level":3,"name":"Herbs","originalName":"Herbs","productCount":45,"seoToken":"herbs","type":"CATALOG"},{"id":"89495","level":3,"name":"Sprouts","originalName":"Sprouts","productCount":4,"seoToken":"sprouts","type":"CATALOG"}]},{"id":"8892415","level":2,"name":"Scoop \u0026 Weigh","originalName":"Scoop \u0026 Weigh","productCount":82,"seoToken":"scoop-weigh","type":"CATALOG","catalogGroupView":[{"id":"8892416","level":3,"name":"Almond","originalName":"Almond","productCount":5,"seoToken":"almond","type":"CATALOG"},{"id":"8892417","level":3,"name":"Cashew","originalName":"Cashew","productCount":8,"seoToken":"cashew","type":"CATALOG"},{"id":"8892418","level":3,"name":"Dry Fruits","originalName":"Dry Fruits","productCount":13,"seoToken":"dry-fruits","type":"CATALOG"},{"id":"8892419","level":3,"name":"Macadamia, Hazelnuts \u0026 Pecans","originalName":"Macadamia, Hazelnuts \u0026 Pecans","productCount":1,"seoToken":"macadamia-hazelnuts-pecans","type":"CATALOG"},{"id":"8892420","level":3,"name":"Mixed Scoop \u0026 Weigh","originalName":"Mixed Scoop \u0026 Weigh","productCount":45,"seoToken":"mixed-scoop-weigh","type":"CATALOG"},{"id":"8892422","level":3,"name":"Other Scoop \u0026 Weigh","originalName":"Other Scoop \u0026 Weigh","productCount":6,"seoToken":"other-scoop-weigh","type":"CATALOG"},{"id":"8892421","level":3,"name":"Walnuts, Pistachio \u0026 Peanut","originalName":"Walnuts, Pistachio \u0026 Peanut","productCount":4,"seoToken":"walnuts-pistachio-peanut","type":"CATALOG"}]}]},{"id":"1300","level":1,"name":"Dairy, Eggs \u0026 Fridge","originalName":"Dairy, Eggs \u0026 Fridge","productCount":2344,"seoToken":"dairy-eggs-fridge","type":"CATALOG","catalogGroupView":[{"id":"8915800","level":2,"name":"Butter \u0026 Margarine","originalName":"Butter \u0026 Margarine","productCount":77,"seoToken":"butter-margarine","type":"CATALOG","catalogGroupView":[{"id":"8915808","level":3,"name":"Alternative Spreads","originalName":"Alternative Spreads","productCount":2,"seoToken":"alternative-spreads","type":"CATALOG"},{"id":"8915807","level":3,"name":"Blends","originalName":"Blends","productCount":20,"seoToken":"blends","type":"CATALOG"},{"id":"8915806","level":3,"name":"Butter","originalName":"Butter","productCount":27,"seoToken":"butter","type":"CATALOG"},{"id":"8915805","level":3,"name":"Margarine","originalName":"Margarine","productCount":28,"seoToken":"margarine","type":"CATALOG"}]},{"id":"8882200","level":2,"name":"Cheese","originalName":"Cheese","productCount":613,"seoToken":"cheese","type":"CATALOG","catalogGroupView":[{"id":"8882201","level":3,"name":"Block Cheese","originalName":"Block Cheese","productCount":51,"seoToken":"block-cheese","type":"CATALOG"},{"id":"8882202","level":3,"name":"Blue Cheese","originalName":"Blue Cheese","productCount":10,"seoToken":"blue-cheese","type":"CATALOG"},{"id":"8882203","level":3,"name":"Brie \u0026 Soft Cheese","originalName":"Brie \u0026 Soft Cheese","productCount":61,"seoToken":"brie-soft-cheese","type":"CATALOG"},{"id":"8882204","level":3,"name":"Cheddar \u0026 Tasty Cheese","originalName":"Cheddar \u0026 Tasty Cheese","productCount":56,"seoToken":"cheddar-tasty-cheese","type":"CATALOG"},{"id":"8882205","level":3,"name":"Cheese Snacks","originalName":"Cheese Snacks","productCount":81,"seoToken":"cheese-snacks","type":"CATALOG"},{"id":"8882206","level":3,"name":"Cream Cheese \u0026 Spreads","originalName":"Cream Cheese \u0026 Spreads","productCount":14,"seoToken":"cream-cheese-spreads","type":"CATALOG"},{"id":"8882207","level":3,"name":"Feta Cheese","originalName":"Feta Cheese","productCount":23,"seoToken":"feta-cheese","type":"CATALOG"},{"id":"8882208","level":3,"name":"Firm Cheese","originalName":"Firm Cheese","productCount":10,"seoToken":"firm-cheese","type":"CATALOG"},{"id":"8915809","level":3,"name":"Gourmet Cheese","originalName":"Gourmet Cheese","productCount":175,"seoToken":"gourmet-cheese","type":"CATALOG"},{"id":"8882210","level":3,"name":"Grated Cheese","originalName":"Grated Cheese","productCount":49,"seoToken":"grated-cheese","type":"CATALOG"},{"id":"8882212","level":3,"name":"Pates \u0026 Platters","originalName":"Pates \u0026 Platters","productCount":10,"seoToken":"pates-platters","type":"CATALOG"},{"id":"8882213","level":3,"name":"Sliced Cheese","originalName":"Sliced Cheese","productCount":55,"seoToken":"sliced-cheese","type":"CATALOG"},{"id":"8882209","level":3,"name":"Specialty \u0026 Entertaining Cheese","originalName":"Specialty \u0026 Entertaining Cheese","productCount":18,"seoToken":"specialty-entertaining-cheese","type":"CATALOG"}]},{"id":"8915801","level":2,"name":"Cream \u0026 Custard","originalName":"Cream \u0026 Custard","productCount":44,"seoToken":"cream-custard","type":"CATALOG","catalogGroupView":[{"id":"8915810","level":3,"name":"Cream","originalName":"Cream","productCount":17,"seoToken":"cream","type":"CATALOG"},{"id":"8915811","level":3,"name":"Custards","originalName":"Custards","productCount":16,"seoToken":"custards","type":"CATALOG"},{"id":"8915812","level":3,"name":"Sour Cream","originalName":"Sour Cream","productCount":11,"seoToken":"sour-cream","type":"CATALOG"}]},{"id":"8915802","level":2,"name":"Dairy Desserts","originalName":"Dairy Desserts","productCount":34,"seoToken":"dairy-desserts","type":"CATALOG","catalogGroupView":[{"id":"8915813","level":3,"name":"Chilled Dairy Desserts","originalName":"Chilled Dairy Desserts","productCount":34,"seoToken":"chilled-dairy-desserts","type":"CATALOG"}]},{"id":"8911600","level":2,"name":"Dairy World Foods","originalName":"Dairy World Foods","productCount":41,"seoToken":"dairy-world-foods","type":"CATALOG","catalogGroupView":[{"id":"8911603","level":3,"name":"Asian Foods","originalName":"Asian Foods","productCount":22,"seoToken":"asian-foods","type":"CATALOG"},{"id":"8911606","level":3,"name":"Kosher Food","originalName":"Kosher Food","productCount":19,"seoToken":"kosher-food","type":"CATALOG"}]},{"id":"8915803","level":2,"name":"Dips \u0026 Pate","originalName":"Dips \u0026 Pate","productCount":140,"seoToken":"dips-pate","type":"CATALOG","catalogGroupView":[{"id":"8915814","level":3,"name":"Dips","originalName":"Dips","productCount":134,"seoToken":"dips","type":"CATALOG"},{"id":"8915816","level":3,"name":"Paste","originalName":"Paste","productCount":5,"seoToken":"paste","type":"CATALOG"},{"id":"8915815","level":3,"name":"Pate","originalName":"Pate","productCount":1,"seoToken":"pate","type":"CATALOG"}]},{"id":"246656","level":2,"name":"Eggs","originalName":"Eggs","productCount":38,"seoToken":"eggs","type":"CATALOG","catalogGroupView":[{"id":"8882000","level":3,"name":"Barn Eggs","originalName":"Barn Eggs","productCount":6,"seoToken":"barn-eggs","type":"CATALOG"},{"id":"8915000","level":3,"name":"Egg Whites","originalName":"Egg Whites","productCount":1,"seoToken":"egg-whites","type":"CATALOG"},{"id":"8882002","level":3,"name":"Free Range Eggs","originalName":"Free Range Eggs","productCount":25,"seoToken":"free-range-eggs","type":"CATALOG"},{"id":"8882003","level":3,"name":"Specialty Eggs","originalName":"Specialty Eggs","productCount":6,"seoToken":"specialty-eggs","type":"CATALOG"}]},{"id":"777844","level":2,"name":"Fresh Pasta \u0026 Sauces","originalName":"Fresh Pasta \u0026 Sauces","productCount":82,"seoToken":"fresh-pasta-sauces","type":"CATALOG","catalogGroupView":[{"id":"421112","level":3,"name":"Fresh Pasta \u0026 Noodles","originalName":"Fresh Pasta \u0026 Noodles","productCount":60,"seoToken":"fresh-pasta-noodles","type":"CATALOG"},{"id":"621674","level":3,"name":"Pasta Sauces","originalName":"Pasta Sauces","productCount":22,"seoToken":"pasta-sauces","type":"CATALOG"}]},{"id":"756654","level":2,"name":"Garlic Bread \u0026 Pastry Sheets","originalName":"Garlic Bread \u0026 Pastry Sheets","productCount":22,"seoToken":"garlic-bread-pastry-sheets","type":"CATALOG","catalogGroupView":[{"id":"2156111","level":3,"name":"Chilled Garlic \u0026 Specialty Breads","originalName":"Chilled Garlic \u0026 Specialty Breads","productCount":15,"seoToken":"chilled-garlic-specialty-breads","type":"CATALOG"},{"id":"3213222","level":3,"name":"Chilled Pastry \u0026 Dough","originalName":"Chilled Pastry \u0026 Dough","productCount":7,"seoToken":"chilled-pastry-dough","type":"CATALOG"}]},{"id":"8895200","level":2,"name":"Long Life-Milk","originalName":"Long Life-Milk","productCount":159,"seoToken":"long-life-milk","type":"CATALOG","catalogGroupView":[{"id":"8895203","level":3,"name":"Almond Long Life Milk","originalName":"Almond Long Life Milk","productCount":40,"seoToken":"almond-long-life-milk","type":"CATALOG"},{"id":"8895208","level":3,"name":"Lactose Free-Milk","originalName":"Lactose Free-Milk","productCount":7,"seoToken":"lactose-free-milk","type":"CATALOG"},{"id":"8895202","level":3,"name":"Long-Life Flavoured Milk","originalName":"Long-Life Flavoured Milk","productCount":27,"seoToken":"long-life-flavoured-milk","type":"CATALOG"},{"id":"8895201","level":3,"name":"Long-Life-Milk","originalName":"Long-Life-Milk","productCount":16,"seoToken":"long-life-milk","type":"CATALOG"},{"id":"8895207","level":3,"name":"Oats \u0026 Rice Long Life Milk","originalName":"Oats \u0026 Rice Long Life Milk","productCount":48,"seoToken":"oats-rice-long-life-milk","type":"CATALOG"},{"id":"8895204","level":3,"name":"Organic Long Life Milk","originalName":"Organic Long Life Milk","productCount":6,"seoToken":"organic-long-life-milk","type":"CATALOG"},{"id":"8895206","level":3,"name":"Powdered Long Life Milk","originalName":"Powdered Long Life Milk","productCount":4,"seoToken":"powdered-long-life-milk","type":"CATALOG"},{"id":"8895205","level":3,"name":"Soy Milk Long Life Milk","originalName":"Soy Milk Long Life Milk","productCount":11,"seoToken":"soy-milk-long-life-milk","type":"CATALOG"}]},{"id":"8881800","level":2,"name":"Milk","originalName":"Milk","productCount":184,"seoToken":"milk","type":"CATALOG","catalogGroupView":[{"id":"8881801","level":3,"name":"Full Cream Milk","originalName":"Full Cream Milk","productCount":21,"seoToken":"full-cream-milk","type":"CATALOG"},{"id":"8881804","level":3,"name":"Milk Flavoured","originalName":"Milk Flavoured","productCount":85,"seoToken":"milk-flavoured","type":"CATALOG"},{"id":"8881808","level":3,"name":"Probiotic Milk","originalName":"Probiotic Milk","productCount":10,"seoToken":"probiotic-milk","type":"CATALOG"},{"id":"8881802","level":3,"name":"Skim \u0026 Low Fat Milk","originalName":"Skim \u0026 Low Fat Milk","productCount":24,"seoToken":"skim-low-fat-milk","type":"CATALOG"},{"id":"8881807","level":3,"name":"Soy \u0026 Almond Milk","originalName":"Soy \u0026 Almond Milk","productCount":11,"seoToken":"soy-almond-milk","type":"CATALOG"},{"id":"8881805","level":3,"name":"Specialty Milk","originalName":"Specialty Milk","productCount":33,"seoToken":"specialty-milk","type":"CATALOG"}]},{"id":"79555","level":2,"name":"Packaged Deli Meats","originalName":"Packaged Deli Meats","productCount":132,"seoToken":"packaged-deli-meats","type":"CATALOG","catalogGroupView":[{"id":"795553","level":3,"name":"Packaged Bacon","originalName":"Packaged Bacon","productCount":23,"seoToken":"packaged-bacon","type":"CATALOG"},{"id":"795551","level":3,"name":"Packaged Deli Meat","originalName":"Packaged Deli Meat","productCount":77,"seoToken":"packaged-deli-meat","type":"CATALOG"},{"id":"795552","level":3,"name":"Packaged Frankfurts","originalName":"Packaged Frankfurts","productCount":8,"seoToken":"packaged-frankfurts","type":"CATALOG"},{"id":"795554","level":3,"name":"Packaged Salami \u0026 Kabana","originalName":"Packaged Salami \u0026 Kabana","productCount":24,"seoToken":"packaged-salami-kabana","type":"CATALOG"}]},{"id":"477564","level":2,"name":"Ready to Eat Meals","originalName":"Ready To Eat Meals","productCount":317,"seoToken":"ready-to-eat-meals","type":"CATALOG","catalogGroupView":[{"id":"8904816","level":3,"name":"Grab \u0026 Go Snacks","originalName":"Grab \u0026 Go Snacks","productCount":7,"seoToken":"grab-go-snacks","type":"CATALOG"},{"id":"124351","level":3,"name":"Hot Snacks \u0026 Sides","originalName":"Hot Snacks \u0026 Sides","productCount":25,"seoToken":"hot-snacks-sides","type":"CATALOG"},{"id":"679997","level":3,"name":"Indian Food \u0026 Meals","originalName":"Indian Food \u0026 Meals","productCount":17,"seoToken":"indian-food-meals","type":"CATALOG"},{"id":"15213","level":3,"name":"Italian Meals \u0026 Pasta","originalName":"Italian Meals \u0026 Pasta","productCount":107,"seoToken":"italian-meals-pasta","type":"CATALOG"},{"id":"124555","level":3,"name":"Other Ready Meals","originalName":"Other Ready Meals","productCount":59,"seoToken":"other-ready-meals","type":"CATALOG"},{"id":"15214","level":3,"name":"Pies \u0026 Pastries","originalName":"Pies \u0026 Pastries","productCount":31,"seoToken":"pies-pastries","type":"CATALOG"},{"id":"546777","level":3,"name":"Pizzas","originalName":"Pizzas","productCount":15,"seoToken":"pizzas","type":"CATALOG"},{"id":"654654","level":3,"name":"Soups \u0026 Stews","originalName":"Soups \u0026 Stews","productCount":32,"seoToken":"soups-stews","type":"CATALOG"},{"id":"12443","level":3,"name":"Thai Meals","originalName":"Thai Meals","productCount":23,"seoToken":"thai-meals","type":"CATALOG"},{"id":"8909000","level":3,"name":"the Kitchen Meals","originalName":"The Kitchen Meals","productCount":1,"seoToken":"the-kitchen-meals","type":"CATALOG"}]},{"id":"4778877","level":2,"name":"Vegetarian \u0026 Vegan","originalName":"Vegetarian \u0026 Vegan","productCount":89,"seoToken":"vegetarian-vegan","type":"CATALOG","catalogGroupView":[{"id":"654223","level":3,"name":"Falafels","originalName":"Falafels","productCount":13,"seoToken":"falafels","type":"CATALOG"},{"id":"4454454","level":3,"name":"Soy","originalName":"Soy","productCount":3,"seoToken":"soy","type":"CATALOG"},{"id":"6774666","level":3,"name":"Tofu","originalName":"Tofu","productCount":27,"seoToken":"tofu","type":"CATALOG"},{"id":"8909600","level":3,"name":"Vegan Cheese","originalName":"Vegan Cheese","productCount":9,"seoToken":"vegan-cheese","type":"CATALOG"},{"id":"8894401","level":3,"name":"Vegetarian Snacking","originalName":"Vegetarian Snacking","productCount":5,"seoToken":"vegetarian-snacking","type":"CATALOG"},{"id":"878734","level":3,"name":"Veggie Burgers \u0026 Sausages","originalName":"Veggie Burgers \u0026 Sausages","productCount":21,"seoToken":"veggie-burgers-sausages","type":"CATALOG"},{"id":"8912200","level":3,"name":"Veggie Meat \u0026 Chicken","originalName":"Veggie Meat \u0026 Chicken","productCount":11,"seoToken":"veggie-meat-chicken","type":"CATALOG"}]},{"id":"8915804","level":2,"name":"Yoghurt","originalName":"Yoghurt","productCount":372,"seoToken":"yoghurt","type":"CATALOG","catalogGroupView":[{"id":"8915819","level":3,"name":"Dairy Free","originalName":"Dairy Free","productCount":27,"seoToken":"dairy-free","type":"CATALOG"},{"id":"8915821","level":3,"name":"Multipacks","originalName":"Multipacks","productCount":30,"seoToken":"multipacks","type":"CATALOG"},{"id":"8915820","level":3,"name":"Pouch","originalName":"Pouch","productCount":128,"seoToken":"pouch","type":"CATALOG"},{"id":"8915822","level":3,"name":"Single Serve","originalName":"Single Serve","productCount":105,"seoToken":"single-serve","type":"CATALOG"},{"id":"8915817","level":3,"name":"Yoghurt Tubs","originalName":"Yoghurt Tubs","productCount":82,"seoToken":"yoghurt-tubs","type":"CATALOG"}]}]},{"id":"8892906","level":1,"name":"Bakery","originalName":"Bakery","productCount":812,"seoToken":"bakery","type":"CATALOG","catalogGroupView":[{"id":"8892915","level":2,"name":"Chilled Cakes \u0026 Desserts","originalName":"Chilled Cakes \u0026 Desserts","productCount":71,"seoToken":"chilled-cakes-desserts","type":"CATALOG","catalogGroupView":[{"id":"8892978","level":3,"name":"2 Pack \u0026 Individual Serve Desserts","originalName":"2 Pack \u0026 Individual Serve Desserts","productCount":16,"seoToken":"2-pack-individual-serve-desserts","type":"CATALOG"},{"id":"8892980","level":3,"name":"Birthday \u0026 Celebration Cakes","originalName":"Birthday \u0026 Celebration Cakes","productCount":14,"seoToken":"birthday-celebration-cakes","type":"CATALOG"},{"id":"8892977","level":3,"name":"Cheesecakes","originalName":"Cheesecakes","productCount":21,"seoToken":"cheesecakes","type":"CATALOG"},{"id":"8892979","level":3,"name":"Cream Cakes","originalName":"Cream Cakes","productCount":7,"seoToken":"cream-cakes","type":"CATALOG"},{"id":"8892982","level":3,"name":"Pavlova \u0026 Meringue","originalName":"Pavlova \u0026 Meringue","productCount":3,"seoToken":"pavlova-meringue","type":"CATALOG"},{"id":"8892984","level":3,"name":"Puddings \u0026 Hot Desserts","originalName":"Puddings \u0026 Hot Desserts","productCount":2,"seoToken":"puddings-hot-desserts","type":"CATALOG"},{"id":"8892983","level":3,"name":"Tarts \u0026 Pies","originalName":"Tarts \u0026 Pies","productCount":8,"seoToken":"tarts-pies","type":"CATALOG"}]},{"id":"8893208","level":2,"name":"Christmas Bakery","originalName":"Christmas Bakery","productCount":58,"seoToken":"christmas-bakery","type":"CATALOG","catalogGroupView":[{"id":"8893211","level":3,"name":"Christmas Fruit Cakes","originalName":"Christmas Fruit Cakes","productCount":7,"seoToken":"christmas-fruit-cakes","type":"CATALOG"},{"id":"8893214","level":3,"name":"Christmas Treats","originalName":"Christmas Treats","productCount":13,"seoToken":"christmas-treats","type":"CATALOG"},{"id":"8893209","level":3,"name":"Fruit Mince Pies","originalName":"Fruit Mince Pies","productCount":12,"seoToken":"fruit-mince-pies","type":"CATALOG"},{"id":"8893212","level":3,"name":"Panettone","originalName":"Panettone","productCount":8,"seoToken":"panettone","type":"CATALOG"},{"id":"8893210","level":3,"name":"Pavlova \u0026 Meringues","originalName":"Pavlova \u0026 Meringues","productCount":3,"seoToken":"pavlova-meringues","type":"CATALOG"},{"id":"8893213","level":3,"name":"Puddings","originalName":"Puddings","productCount":15,"seoToken":"puddings","type":"CATALOG"}]},{"id":"8892918","level":2,"name":"Gluten Free Range","originalName":"Gluten Free Range","productCount":29,"seoToken":"gluten-free-range","type":"CATALOG","catalogGroupView":[{"id":"8893002","level":3,"name":"All Packaged Bread","originalName":"All Packaged Bread","productCount":12,"seoToken":"all-packaged-bread","type":"CATALOG"},{"id":"8893000","level":3,"name":"Packaged Breakfast Snack","originalName":"Packaged Breakfast Snack","productCount":1,"seoToken":"packaged-breakfast-snack","type":"CATALOG"},{"id":"8893402","level":3,"name":"Packaged Buns \u0026 Bread Rolls","originalName":"Packaged Buns \u0026 Bread Rolls","productCount":4,"seoToken":"packaged-buns-bread-rolls","type":"CATALOG"},{"id":"8892998","level":3,"name":"Packaged Cake \u0026 Sweet Treats","originalName":"Packaged Cake \u0026 Sweet Treats","productCount":9,"seoToken":"packaged-cake-sweet-treats","type":"CATALOG"},{"id":"8893001","level":3,"name":"Packaged Wraps, Flat Bread and Pizza Bases","originalName":"Packaged Wraps,  Flat Bread And Pizza Bases","productCount":3,"seoToken":"packaged-wraps-flat-bread-and-pizza-bases","type":"CATALOG"}]},{"id":"8892907","level":2,"name":"Instore Bakery Breads and Rolls","originalName":"Instore Bakery Breads And Rolls","productCount":95,"seoToken":"instore-bakery-breads-and-rolls","type":"CATALOG","catalogGroupView":[{"id":"8893200","level":3,"name":"Artisan Style Breads By Laurent","originalName":"Artisan Style Breads By Laurent","productCount":26,"seoToken":"artisan-style-breads-by-laurent","type":"CATALOG"},{"id":"8892923","level":3,"name":"Baguettes","originalName":"Baguettes","productCount":8,"seoToken":"baguettes","type":"CATALOG"},{"id":"8893201","level":3,"name":"Bread Loaves","originalName":"Bread Loaves","productCount":15,"seoToken":"bread-loaves","type":"CATALOG"},{"id":"8893203","level":3,"name":"Bread Rolls","originalName":"Bread Rolls","productCount":29,"seoToken":"bread-rolls","type":"CATALOG"},{"id":"8892924","level":3,"name":"Flat Bread","originalName":"Flat Bread","productCount":4,"seoToken":"flat-bread","type":"CATALOG"},{"id":"8893202","level":3,"name":"Healthier Breads","originalName":"Healthier Breads","productCount":13,"seoToken":"healthier-breads","type":"CATALOG"}]},{"id":"8892908","level":2,"name":"Instore Bakery Savoury Treats","originalName":"Instore Bakery Savoury Treats","productCount":14,"seoToken":"instore-bakery-savoury-treats","type":"CATALOG","catalogGroupView":[{"id":"8893204","level":3,"name":"Cheese Rolls, Tear \u0026 Share \u0026 Pizza Rolls","originalName":"Cheese Rolls, Tear \u0026 Share \u0026 Pizza Rolls","productCount":14,"seoToken":"cheese-rolls-tear-share-pizza-rolls","type":"CATALOG"}]},{"id":"8892913","level":2,"name":"Instore Bakery Sweet Treats","originalName":"Instore Bakery Sweet Treats","productCount":68,"seoToken":"instore-bakery-sweet-treats","type":"CATALOG","catalogGroupView":[{"id":"8892963","level":3,"name":"Cookies","originalName":"Cookies","productCount":25,"seoToken":"cookies","type":"CATALOG"},{"id":"8892964","level":3,"name":"Donuts","originalName":"Donuts","productCount":13,"seoToken":"donuts","type":"CATALOG"},{"id":"8892961","level":3,"name":"Iced Buns \u0026 Pullaparts","originalName":"Iced Buns \u0026 Pullaparts","productCount":10,"seoToken":"iced-buns-pullaparts","type":"CATALOG"},{"id":"8892966","level":3,"name":"Pastries \u0026 Danishes","originalName":"Pastries \u0026 Danishes","productCount":17,"seoToken":"pastries-danishes","type":"CATALOG"},{"id":"8892962","level":3,"name":"Scones","originalName":"Scones","productCount":3,"seoToken":"scones","type":"CATALOG"}]},{"id":"8892910","level":2,"name":"Packaged Bread Rolls and Buns","originalName":"Packaged Bread Rolls And Buns","productCount":35,"seoToken":"packaged-bread-rolls-and-buns","type":"CATALOG","catalogGroupView":[{"id":"8892936","level":3,"name":"Brioche","originalName":"Brioche","productCount":16,"seoToken":"brioche","type":"CATALOG"},{"id":"8892935","level":3,"name":"Burger Buns and Hot Dog Rolls","originalName":"Burger Buns And Hot Dog Rolls","productCount":12,"seoToken":"burger-buns-and-hot-dog-rolls","type":"CATALOG"},{"id":"8892941","level":3,"name":"Gluten Free Rolls \u0026 Buns","originalName":"Gluten Free Rolls \u0026 Buns","productCount":4,"seoToken":"gluten-free-rolls-buns","type":"CATALOG"},{"id":"8892937","level":3,"name":"Thins","originalName":"Thins","productCount":3,"seoToken":"thins","type":"CATALOG"}]},{"id":"8892909","level":2,"name":"Packaged Breads","originalName":"Packaged Breads","productCount":122,"seoToken":"packaged-breads","type":"CATALOG","catalogGroupView":[{"id":"8892933","level":3,"name":"Digestive Health \u0026 Speciality Bread","originalName":"Digestive Health \u0026 Speciality Bread","productCount":51,"seoToken":"digestive-health-speciality-bread","type":"CATALOG"},{"id":"8892934","level":3,"name":"Gluten Free Packaged Bread","originalName":"Gluten Free Packaged Bread","productCount":13,"seoToken":"gluten-free-packaged-bread","type":"CATALOG"},{"id":"8892932","level":3,"name":"Multigrain \u0026 Seeded Bread","originalName":"Multigrain \u0026 Seeded Bread","productCount":19,"seoToken":"multigrain-seeded-bread","type":"CATALOG"},{"id":"8892931","level":3,"name":"Rye Bread","originalName":"Rye Bread","productCount":6,"seoToken":"rye-bread","type":"CATALOG"},{"id":"8892929","level":3,"name":"White Bread","originalName":"White Bread","productCount":19,"seoToken":"white-bread","type":"CATALOG"},{"id":"8892930","level":3,"name":"Wholemeal Bread","originalName":"Wholemeal Bread","productCount":14,"seoToken":"wholemeal-bread","type":"CATALOG"}]},{"id":"8892914","level":2,"name":"Packaged Breakfast Snacks","originalName":"Packaged Breakfast Snacks","productCount":51,"seoToken":"packaged-breakfast-snacks","type":"CATALOG","catalogGroupView":[{"id":"8892971","level":3,"name":"Bagels","originalName":"Bagels","productCount":8,"seoToken":"bagels","type":"CATALOG"},{"id":"8892974","level":3,"name":"Croissants \u0026 Pastries","originalName":"Croissants \u0026 Pastries","productCount":9,"seoToken":"croissants-pastries","type":"CATALOG"},{"id":"8892968","level":3,"name":"Crumpet","originalName":"Crumpet","productCount":5,"seoToken":"crumpet","type":"CATALOG"},{"id":"8892970","level":3,"name":"English Muffins","originalName":"English Muffins","productCount":6,"seoToken":"english-muffins","type":"CATALOG"},{"id":"8892969","level":3,"name":"Fruit Bread","originalName":"Fruit Bread","productCount":8,"seoToken":"fruit-bread","type":"CATALOG"},{"id":"8892976","level":3,"name":"Gluten Free Packaged Snacks","originalName":"Gluten Free Packaged Snacks","productCount":2,"seoToken":"gluten-free-packaged-snacks","type":"CATALOG"},{"id":"8892973","level":3,"name":"Pikelets, Pancakes and Crepes","originalName":"Pikelets, Pancakes And Crepes","productCount":8,"seoToken":"pikelets-pancakes-and-crepes","type":"CATALOG"},{"id":"8892972","level":3,"name":"Waffles","originalName":"Waffles","productCount":5,"seoToken":"waffles","type":"CATALOG"}]},{"id":"8892916","level":2,"name":"Packaged Cakes \u0026 Sweet Treats","originalName":"Packaged Cakes \u0026 Sweet Treats","productCount":128,"seoToken":"packaged-cakes-sweet-treats","type":"CATALOG","catalogGroupView":[{"id":"8893207","level":3,"name":"Cookies \u0026 Biscuits","originalName":"Cookies \u0026 Biscuits","productCount":3,"seoToken":"cookies-biscuits","type":"CATALOG"},{"id":"8892992","level":3,"name":"Cupcakes","originalName":"Cupcakes","productCount":12,"seoToken":"cupcakes","type":"CATALOG"},{"id":"8893004","level":3,"name":"Fruit Cakes","originalName":"Fruit Cakes","productCount":4,"seoToken":"fruit-cakes","type":"CATALOG"},{"id":"8892997","level":3,"name":"Gluten Free Cakes \u0026 Treats","originalName":"Gluten Free Cakes \u0026 Treats","productCount":9,"seoToken":"gluten-free-cakes-treats","type":"CATALOG"},{"id":"8892991","level":3,"name":"Lamingtons","originalName":"Lamingtons","productCount":4,"seoToken":"lamingtons","type":"CATALOG"},{"id":"8892988","level":3,"name":"Loaf Cakes","originalName":"Loaf Cakes","productCount":12,"seoToken":"loaf-cakes","type":"CATALOG"},{"id":"8892995","level":3,"name":"Meringues \u0026 Pavlovas","originalName":"Meringues \u0026 Pavlovas","productCount":4,"seoToken":"meringues-pavlovas","type":"CATALOG"},{"id":"8892989","level":3,"name":"Muffins \u0026 Muffin Bars","originalName":"Muffins \u0026 Muffin Bars","productCount":16,"seoToken":"muffins-muffin-bars","type":"CATALOG"},{"id":"8892996","level":3,"name":"Pastry Shells","originalName":"Pastry Shells","productCount":5,"seoToken":"pastry-shells","type":"CATALOG"},{"id":"8892994","level":3,"name":"Slices \u0026 Bites","originalName":"Slices \u0026 Bites","productCount":25,"seoToken":"slices-bites","type":"CATALOG"},{"id":"8892986","level":3,"name":"Sponge \u0026 Mud Cakes","originalName":"Sponge \u0026 Mud Cakes","productCount":11,"seoToken":"sponge-mud-cakes","type":"CATALOG"},{"id":"8892990","level":3,"name":"Sponge Rolls \u0026 Cake Bars","originalName":"Sponge Rolls \u0026 Cake Bars","productCount":3,"seoToken":"sponge-rolls-cake-bars","type":"CATALOG"},{"id":"8892993","level":3,"name":"Sweet Brioche","originalName":"Sweet Brioche","productCount":16,"seoToken":"sweet-brioche","type":"CATALOG"},{"id":"8892987","level":3,"name":"Tea Cakes","originalName":"Tea Cakes","productCount":4,"seoToken":"tea-cakes","type":"CATALOG"}]},{"id":"8892911","level":2,"name":"Packaged Flat Bread, Wraps and Pizza Bases","originalName":"Packaged Flat Bread, Wraps And Pizza Bases","productCount":73,"seoToken":"packaged-flat-bread-wraps-and-pizza-bases","type":"CATALOG","catalogGroupView":[{"id":"8892945","level":3,"name":"Flavoured Wraps","originalName":"Flavoured Wraps","productCount":4,"seoToken":"flavoured-wraps","type":"CATALOG"},{"id":"8892958","level":3,"name":"Gluten Free Wraps \u0026 Flat Bread","originalName":"Gluten Free Wraps \u0026 Flat Bread","productCount":3,"seoToken":"gluten-free-wraps-flat-bread","type":"CATALOG"},{"id":"8892955","level":3,"name":"Naan Bread and Gyros","originalName":"Naan Bread And Gyros","productCount":1,"seoToken":"naan-bread-and-gyros","type":"CATALOG"},{"id":"8892954","level":3,"name":"Other Flat Breads","originalName":"Other Flat Breads","productCount":17,"seoToken":"other-flat-breads","type":"CATALOG"},{"id":"8892957","level":3,"name":"Pizza Bases","originalName":"Pizza Bases","productCount":17,"seoToken":"pizza-bases","type":"CATALOG"},{"id":"8892956","level":3,"name":"Turkish and Ciabatta","originalName":"Turkish And Ciabatta","productCount":8,"seoToken":"turkish-and-ciabatta","type":"CATALOG"},{"id":"8892942","level":3,"name":"White Wraps","originalName":"White Wraps","productCount":16,"seoToken":"white-wraps","type":"CATALOG"},{"id":"8892944","level":3,"name":"Wholegrain \u0026 Seeded Wraps","originalName":"Wholegrain \u0026 Seeded Wraps","productCount":4,"seoToken":"wholegrain-seeded-wraps","type":"CATALOG"},{"id":"8892943","level":3,"name":"Wholemeal Wraps","originalName":"Wholemeal Wraps","productCount":3,"seoToken":"wholemeal-wraps","type":"CATALOG"}]},{"id":"8897800","level":2,"name":"Vegan Range","originalName":"Vegan Range","productCount":68,"seoToken":"vegan-range","type":"CATALOG","catalogGroupView":[{"id":"8897801","level":3,"name":"All Vegan Range","originalName":"All Vegan Range","productCount":68,"seoToken":"all-vegan-range","type":"CATALOG"}]}]},{"id":"8892715","level":1,"name":"Deli","originalName":"Deli","productCount":323,"seoToken":"deli","type":"CATALOG","catalogGroupView":[{"id":"8900604","level":2,"name":"Deli Chilled Meals","originalName":"Deli Chilled Meals","productCount":8,"seoToken":"deli-chilled-meals","type":"CATALOG","catalogGroupView":[{"id":"8900606","level":3,"name":"Deli Quiches","originalName":"Deli Quiches","productCount":4,"seoToken":"deli-quiches","type":"CATALOG"},{"id":"8900605","level":3,"name":"Pies \u0026 Rolls","originalName":"Pies \u0026 Rolls","productCount":4,"seoToken":"pies-rolls","type":"CATALOG"}]},{"id":"8892746","level":2,"name":"Deli Crackers \u0026 Condiments","originalName":"Deli Crackers \u0026 Condiments","productCount":35,"seoToken":"deli-crackers-condiments","type":"CATALOG","catalogGroupView":[{"id":"8892749","level":3,"name":"Crackers, Dips \u0026 Pate","originalName":"Crackers, Dips \u0026 Pate","productCount":35,"seoToken":"crackers-dips-pate","type":"CATALOG"}]},{"id":"8892750","level":2,"name":"Deli Gourmet Cheese","originalName":"Deli Gourmet Cheese","productCount":40,"seoToken":"deli-gourmet-cheese","type":"CATALOG","catalogGroupView":[{"id":"8892753","level":3,"name":"Brie \u0026 Camembert","originalName":"Brie \u0026 Camembert","productCount":10,"seoToken":"brie-camembert","type":"CATALOG"},{"id":"8892751","level":3,"name":"Cheddar","originalName":"Cheddar","productCount":6,"seoToken":"cheddar","type":"CATALOG"},{"id":"8892754","level":3,"name":"Deli Blue Cheese","originalName":"Deli Blue Cheese","productCount":3,"seoToken":"deli-blue-cheese","type":"CATALOG"},{"id":"8892755","level":3,"name":"Fetta, Haloumi \u0026 Other","originalName":"Fetta, Haloumi \u0026 Other","productCount":15,"seoToken":"fetta-haloumi-other","type":"CATALOG"},{"id":"8892752","level":3,"name":"Goats Cheese","originalName":"Goats Cheese","productCount":4,"seoToken":"goats-cheese","type":"CATALOG"},{"id":"8892803","level":3,"name":"Hard Cheese","originalName":"Hard Cheese","productCount":2,"seoToken":"hard-cheese","type":"CATALOG"}]},{"id":"8892717","level":2,"name":"Deli Meats","originalName":"Deli Meats","productCount":68,"seoToken":"deli-meats","type":"CATALOG","catalogGroupView":[{"id":"8900600","level":3,"name":"Beef \u0026 Lamb","originalName":"Beef \u0026 Lamb","productCount":2,"seoToken":"beef-lamb","type":"CATALOG"},{"id":"8900601","level":3,"name":"Chicken \u0026 Turkey","originalName":"Chicken \u0026 Turkey","productCount":2,"seoToken":"chicken-turkey","type":"CATALOG"},{"id":"8892718","level":3,"name":"Deli Bacon","originalName":"Deli Bacon","productCount":5,"seoToken":"deli-bacon","type":"CATALOG"},{"id":"8900602","level":3,"name":"Ham","originalName":"Ham","productCount":14,"seoToken":"ham","type":"CATALOG"},{"id":"8892720","level":3,"name":"Kabana, Pancetta \u0026 Mortdella","originalName":"Kabana, Pancetta \u0026 Mortdella","productCount":15,"seoToken":"kabana-pancetta-mortdella","type":"CATALOG"},{"id":"8900603","level":3,"name":"Other Sliced Meats","originalName":"Other Sliced Meats","productCount":3,"seoToken":"other-sliced-meats","type":"CATALOG"},{"id":"8892721","level":3,"name":"Salami","originalName":"Salami","productCount":18,"seoToken":"salami","type":"CATALOG"},{"id":"8892719","level":3,"name":"Sausages, Frankfurts \u0026 Kransky","originalName":"Sausages, Frankfurts \u0026 Kransky","productCount":9,"seoToken":"sausages-frankfurts-kransky","type":"CATALOG"}]},{"id":"8892728","level":2,"name":"Deli Poultry","originalName":"Deli Poultry","productCount":17,"seoToken":"deli-poultry","type":"CATALOG","catalogGroupView":[{"id":"8892730","level":3,"name":"Breast \u0026 Thigh Fillets","originalName":"Breast \u0026 Thigh Fillets","productCount":3,"seoToken":"breast-thigh-fillets","type":"CATALOG"},{"id":"8892732","level":3,"name":"Diced \u0026 Tenders","originalName":"Diced \u0026 Tenders","productCount":1,"seoToken":"diced-tenders","type":"CATALOG"},{"id":"8892729","level":3,"name":"Kebabs, Nibbles \u0026 Crumbed","originalName":"Kebabs, Nibbles \u0026 Crumbed","productCount":8,"seoToken":"kebabs-nibbles-crumbed","type":"CATALOG"},{"id":"8903001","level":3,"name":"Offal Meat","originalName":"Offal Meat","productCount":3,"seoToken":"offal-meat","type":"CATALOG"},{"id":"8892731","level":3,"name":"Wings \u0026 Drumsticks","originalName":"Wings \u0026 Drumsticks","productCount":2,"seoToken":"wings-drumsticks","type":"CATALOG"}]},{"id":"8892733","level":2,"name":"Deli Seafood","originalName":"Deli Seafood","productCount":14,"seoToken":"deli-seafood","type":"CATALOG","catalogGroupView":[{"id":"8892736","level":3,"name":"Crab \u0026 Lobster","originalName":"Crab \u0026 Lobster","productCount":1,"seoToken":"crab-lobster","type":"CATALOG"},{"id":"8892734","level":3,"name":"Fish","originalName":"Fish","productCount":6,"seoToken":"fish","type":"CATALOG"},{"id":"8892738","level":3,"name":"Marinara Mix and Other Seafood","originalName":"Marinara Mix And Other Seafood","productCount":1,"seoToken":"marinara-mix-and-other-seafood","type":"CATALOG"},{"id":"8892735","level":3,"name":"Prawn","originalName":"Prawn","productCount":6,"seoToken":"prawn","type":"CATALOG"}]},{"id":"8900607","level":2,"name":"Hot Food","originalName":"Hot Food","productCount":2,"seoToken":"hot-food","type":"CATALOG","catalogGroupView":[{"id":"8900608","level":3,"name":"Hot Bbq Chicken","originalName":"Hot Bbq Chicken","productCount":1,"seoToken":"hot-bbq-chicken","type":"CATALOG"},{"id":"8900609","level":3,"name":"Other Hot Roasts","originalName":"Other Hot Roasts","productCount":1,"seoToken":"other-hot-roasts","type":"CATALOG"}]},{"id":"8892743","level":2,"name":"Olives \u0026 Antipasto","originalName":"Olives \u0026 Antipasto","productCount":24,"seoToken":"olives-antipasto","type":"CATALOG","catalogGroupView":[{"id":"8892745","level":3,"name":"Antipasto","originalName":"Antipasto","productCount":2,"seoToken":"antipasto","type":"CATALOG"},{"id":"8892744","level":3,"name":"Olives","originalName":"Olives","productCount":4,"seoToken":"olives","type":"CATALOG"},{"id":"8892801","level":3,"name":"Prepacked Olives \u0026 Antipasto","originalName":"Prepacked Olives \u0026 Antipasto","productCount":18,"seoToken":"prepacked-olives-antipasto","type":"CATALOG"}]},{"id":"8901800","level":2,"name":"Other Packaged Deli Meat","originalName":"Other Packaged Deli Meat","productCount":106,"seoToken":"other-packaged-deli-meat","type":"CATALOG","catalogGroupView":[{"id":"8901802","level":3,"name":"Bacon Packaged","originalName":"Bacon Packaged","productCount":23,"seoToken":"bacon-packaged","type":"CATALOG"},{"id":"8901803","level":3,"name":"Frankfurts Packaged","originalName":"Frankfurts Packaged","productCount":7,"seoToken":"frankfurts-packaged","type":"CATALOG"},{"id":"8901801","level":3,"name":"Meat Packaged","originalName":"Meat Packaged","productCount":55,"seoToken":"meat-packaged","type":"CATALOG"},{"id":"8901804","level":3,"name":"Salami \u0026 Kabana Packaged","originalName":"Salami \u0026 Kabana Packaged","productCount":21,"seoToken":"salami-kabana-packaged","type":"CATALOG"}]},{"id":"8900400","level":2,"name":"Pre-Made Platters","originalName":"Pre-Made Platters","productCount":9,"seoToken":"pre-made-platters","type":"CATALOG","catalogGroupView":[{"id":"8900611","level":3,"name":"Deli Platter","originalName":"Deli Platter","productCount":9,"seoToken":"deli-platter","type":"CATALOG"}]}]},{"id":"10302","level":1,"name":"Pantry","originalName":"Pantry","productCount":8507,"seoToken":"pantry","type":"CATALOG","catalogGroupView":[{"id":"8756","level":2,"name":"Baking","originalName":"Baking","productCount":642,"seoToken":"baking","type":"CATALOG","catalogGroupView":[{"id":"8339","level":3,"name":"Breadcrumbs \u0026 Stuffing","originalName":"Breadcrumbs \u0026 Stuffing","productCount":49,"seoToken":"breadcrumbs-stuffing","type":"CATALOG"},{"id":"8423","level":3,"name":"Cake \u0026 Bread Mixes","originalName":"Cake \u0026 Bread Mixes","productCount":108,"seoToken":"cake-bread-mixes","type":"CATALOG"},{"id":"8374","level":3,"name":"Cake Decorating","originalName":"Cake Decorating","productCount":60,"seoToken":"cake-decorating","type":"CATALOG"},{"id":"8744","level":3,"name":"Cooking Chocolate \u0026 Cocoa","originalName":"Cooking Chocolate \u0026 Cocoa","productCount":43,"seoToken":"cooking-chocolate-cocoa","type":"CATALOG"},{"id":"8734","level":3,"name":"Dried Fruits \u0026 Fillings","originalName":"Dried Fruits \u0026 Fillings","productCount":86,"seoToken":"dried-fruits-fillings","type":"CATALOG"},{"id":"8433","level":3,"name":"Essence \u0026 Food Colouring","originalName":"Essence \u0026 Food Colouring","productCount":28,"seoToken":"essence-food-colouring","type":"CATALOG"},{"id":"8313","level":3,"name":"Flour","originalName":"Flour","productCount":60,"seoToken":"flour","type":"CATALOG"},{"id":"89599","level":3,"name":"Nuts for Baking","originalName":"Nuts For Baking","productCount":58,"seoToken":"nuts-for-baking","type":"CATALOG"},{"id":"8757","level":3,"name":"Pancake \u0026 Dessert Mixes","originalName":"Pancake \u0026 Dessert Mixes","productCount":39,"seoToken":"pancake-dessert-mixes","type":"CATALOG"},{"id":"8317","level":3,"name":"Sugar \u0026 Sweeteners","originalName":"Sugar \u0026 Sweeteners","productCount":72,"seoToken":"sugar-sweeteners","type":"CATALOG"},{"id":"8358","level":3,"name":"Yeast \u0026 Baking Agents","originalName":"Yeast \u0026 Baking Agents","productCount":39,"seoToken":"yeast-baking-agents","type":"CATALOG"}]},{"id":"7294","level":2,"name":"Breakfast","originalName":"Breakfast","productCount":459,"seoToken":"breakfast","type":"CATALOG","catalogGroupView":[{"id":"18742","level":3,"name":"Breakfast Cereal","originalName":"Breakfast Cereal","productCount":104,"seoToken":"breakfast-cereal","type":"CATALOG"},{"id":"18744","level":3,"name":"Breakfast Muesli","originalName":"Breakfast Muesli","productCount":91,"seoToken":"breakfast-muesli","type":"CATALOG"},{"id":"18743","level":3,"name":"Breakfast Oats","originalName":"Breakfast Oats","productCount":57,"seoToken":"breakfast-oats","type":"CATALOG"},{"id":"8883601","level":3,"name":"Family Favourites","originalName":"Family Favourites","productCount":89,"seoToken":"family-favourites","type":"CATALOG"},{"id":"8901200","level":3,"name":"Gluten Free Cereal","originalName":"Gluten Free Cereal","productCount":31,"seoToken":"gluten-free-cereal","type":"CATALOG"},{"id":"8883600","level":3,"name":"Healthier Start","originalName":"Healthier Start","productCount":35,"seoToken":"healthier-start","type":"CATALOG"},{"id":"18741","level":3,"name":"On the Go","originalName":"On The Go","productCount":52,"seoToken":"on-the-go","type":"CATALOG"}]},{"id":"10146","level":2,"name":"Canned Food, Soups \u0026 Noodles","originalName":"Canned Food, Soups \u0026 Noodles","productCount":958,"seoToken":"canned-food-soups-noodles","type":"CATALOG","catalogGroupView":[{"id":"10095","level":3,"name":"Baked Beans \u0026 Spaghetti","originalName":"Baked Beans \u0026 Spaghetti","productCount":52,"seoToken":"baked-beans-spaghetti","type":"CATALOG"},{"id":"9679","level":3,"name":"Canned Beans \u0026 Legumes","originalName":"Canned Beans \u0026 Legumes","productCount":40,"seoToken":"canned-beans-legumes","type":"CATALOG"},{"id":"9804","level":3,"name":"Canned Fruit","originalName":"Canned Fruit","productCount":98,"seoToken":"canned-fruit","type":"CATALOG"},{"id":"9986","level":3,"name":"Canned Meat","originalName":"Canned Meat","productCount":47,"seoToken":"canned-meat","type":"CATALOG"},{"id":"9964","level":3,"name":"Canned Vegetables","originalName":"Canned Vegetables","productCount":141,"seoToken":"canned-vegetables","type":"CATALOG"},{"id":"9993","level":3,"name":"Condensed \u0026 Evaporated Milk","originalName":"Condensed \u0026 Evaporated Milk","productCount":14,"seoToken":"condensed-evaporated-milk","type":"CATALOG"},{"id":"10091","level":3,"name":"Fish \u0026 Seafood","originalName":"Fish \u0026 Seafood","productCount":186,"seoToken":"fish-seafood","type":"CATALOG"},{"id":"10024","level":3,"name":"Instant Meals \u0026 Sides","originalName":"Instant Meals \u0026 Sides","productCount":126,"seoToken":"instant-meals-sides","type":"CATALOG"},{"id":"9689","level":3,"name":"Noodles","originalName":"Noodles","productCount":62,"seoToken":"noodles","type":"CATALOG"},{"id":"10147","level":3,"name":"Soups","originalName":"Soups","productCount":192,"seoToken":"soups","type":"CATALOG"}]},{"id":"7557","level":2,"name":"Chips, Crackers \u0026 Snacks","originalName":"Chips, Crackers \u0026 Snacks","productCount":1293,"seoToken":"chips-crackers-snacks","type":"CATALOG","catalogGroupView":[{"id":"7412","level":3,"name":"Biscuits \u0026 Cookies","originalName":"Biscuits \u0026 Cookies","productCount":191,"seoToken":"biscuits-cookies","type":"CATALOG"},{"id":"7340","level":3,"name":"Corn Chips \u0026 Salsa","originalName":"Corn Chips \u0026 Salsa","productCount":31,"seoToken":"corn-chips-salsa","type":"CATALOG"},{"id":"7558","level":3,"name":"Crackers \u0026 Crispbreads","originalName":"Crackers \u0026 Crispbreads","productCount":184,"seoToken":"crackers-crispbreads","type":"CATALOG"},{"id":"7463","level":3,"name":"Muesli Bars \u0026 Fruit Snacks","originalName":"Muesli Bars \u0026 Fruit Snacks","productCount":363,"seoToken":"muesli-bars-fruit-snacks","type":"CATALOG"},{"id":"7443","level":3,"name":"Nuts \u0026 Trail Mix","originalName":"Nuts \u0026 Trail Mix","productCount":79,"seoToken":"nuts-trail-mix","type":"CATALOG"},{"id":"7356","level":3,"name":"Popcorn","originalName":"Popcorn","productCount":30,"seoToken":"popcorn","type":"CATALOG"},{"id":"7327","level":3,"name":"Potato Chips","originalName":"Potato Chips","productCount":183,"seoToken":"potato-chips","type":"CATALOG"},{"id":"7381","level":3,"name":"Pretzels \u0026 Other Snacks","originalName":"Pretzels \u0026 Other Snacks","productCount":42,"seoToken":"pretzels-other-snacks","type":"CATALOG"},{"id":"7533","level":3,"name":"Rice \u0026 Corn Snacks","originalName":"Rice \u0026 Corn Snacks","productCount":90,"seoToken":"rice-corn-snacks","type":"CATALOG"},{"id":"8897417","level":3,"name":"Snack Crackers","originalName":"Snack Crackers","productCount":100,"seoToken":"snack-crackers","type":"CATALOG"}]},{"id":"19888","level":2,"name":"Coffee","originalName":"Coffee","productCount":333,"seoToken":"coffee","type":"CATALOG","catalogGroupView":[{"id":"19893","level":3,"name":"Capsules","originalName":"Capsules","productCount":95,"seoToken":"capsules","type":"CATALOG"},{"id":"19894","level":3,"name":"Coffee Accessories","originalName":"Coffee Accessories","productCount":4,"seoToken":"coffee-accessories","type":"CATALOG"},{"id":"19891","level":3,"name":"Coffee Beans","originalName":"Coffee Beans","productCount":50,"seoToken":"coffee-beans","type":"CATALOG"},{"id":"19892","level":3,"name":"Coffee Mixes","originalName":"Coffee Mixes","productCount":62,"seoToken":"coffee-mixes","type":"CATALOG"},{"id":"19889","level":3,"name":"Ground Coffee","originalName":"Ground Coffee","productCount":40,"seoToken":"ground-coffee","type":"CATALOG"},{"id":"19890","level":3,"name":"Instant Coffee","originalName":"Instant Coffee","productCount":82,"seoToken":"instant-coffee","type":"CATALOG"}]},{"id":"7732","level":2,"name":"Confectionery","originalName":"Confectionery","productCount":792,"seoToken":"confectionery","type":"CATALOG","catalogGroupView":[{"id":"8880200","level":3,"name":"Boxed Chocolate","originalName":"Boxed Chocolate","productCount":84,"seoToken":"boxed-chocolate","type":"CATALOG"},{"id":"8880204","level":3,"name":"Chocolate Bags","originalName":"Chocolate Bags","productCount":65,"seoToken":"chocolate-bags","type":"CATALOG"},{"id":"8880203","level":3,"name":"Chocolate Bars","originalName":"Chocolate Bars","productCount":100,"seoToken":"chocolate-bars","type":"CATALOG"},{"id":"8880202","level":3,"name":"Chocolate Blocks","originalName":"Chocolate Blocks","productCount":163,"seoToken":"chocolate-blocks","type":"CATALOG"},{"id":"8880201","level":3,"name":"Chocolate Multipacks","originalName":"Chocolate Multipacks","productCount":35,"seoToken":"chocolate-multipacks","type":"CATALOG"},{"id":"7644","level":3,"name":"Chocolates","originalName":"Chocolates","productCount":10,"seoToken":"chocolates","type":"CATALOG"},{"id":"7733","level":3,"name":"Gum \u0026 Mints","originalName":"Gum \u0026 Mints","productCount":74,"seoToken":"gum-mints","type":"CATALOG"},{"id":"7708","level":3,"name":"Lollies","originalName":"Lollies","productCount":167,"seoToken":"lollies","type":"CATALOG"},{"id":"7933","level":3,"name":"Medicated Lozenges","originalName":"Medicated Lozenges","productCount":14,"seoToken":"medicated-lozenges","type":"CATALOG"},{"id":"8893216","level":3,"name":"Seasonal Chocolates","originalName":"Seasonal Chocolates","productCount":80,"seoToken":"seasonal-chocolates","type":"CATALOG"}]},{"id":"8894200","level":2,"name":"Desserts","originalName":"Desserts","productCount":99,"seoToken":"desserts","type":"CATALOG","catalogGroupView":[{"id":"8894202","level":3,"name":"Custard, Cream \u0026 Yoghurt Desserts","originalName":"Custard, Cream \u0026 Yoghurt Desserts","productCount":16,"seoToken":"custard-cream-yoghurt-desserts","type":"CATALOG"},{"id":"8894201","level":3,"name":"Icecream Cones, Syrups \u0026 Toppings","originalName":"Icecream Cones, Syrups \u0026 Toppings","productCount":31,"seoToken":"icecream-cones-syrups-toppings","type":"CATALOG"},{"id":"8894203","level":3,"name":"Jelly","originalName":"Jelly","productCount":35,"seoToken":"jelly","type":"CATALOG"},{"id":"8894204","level":3,"name":"Puddings","originalName":"Puddings","productCount":10,"seoToken":"puddings","type":"CATALOG"},{"id":"8894205","level":3,"name":"ready-to-freeze Ice Blocks","originalName":"Ready-To-Freeze Ice Blocks","productCount":7,"seoToken":"ready-to-freeze-ice-blocks","type":"CATALOG"}]},{"id":"10301","level":2,"name":"Health Foods","originalName":"Health Foods","productCount":262,"seoToken":"health-foods","type":"CATALOG","catalogGroupView":[{"id":"8888004","level":3,"name":"Healthy Breakfasts","originalName":"Healthy Breakfasts","productCount":14,"seoToken":"healthy-breakfasts","type":"CATALOG"},{"id":"12083","level":3,"name":"Healthy Cooking","originalName":"Healthy Cooking","productCount":98,"seoToken":"healthy-cooking","type":"CATALOG"},{"id":"8888005","level":3,"name":"Healthy Snacks","originalName":"Healthy Snacks","productCount":150,"seoToken":"healthy-snacks","type":"CATALOG"}]},{"id":"8895600","level":2,"name":"Health Foods Sports Nutrition \u0026 Diet","originalName":"Health Foods Sports Nutrition \u0026 Diet","productCount":372,"seoToken":"health-foods-sports-nutrition-diet","type":"CATALOG","catalogGroupView":[{"id":"8895601","level":3,"name":"Collagen","originalName":"Collagen","productCount":30,"seoToken":"collagen","type":"CATALOG"},{"id":"8895602","level":3,"name":"Diet Slimming Aids","originalName":"Diet Slimming Aids","productCount":7,"seoToken":"diet-slimming-aids","type":"CATALOG"},{"id":"8895604","level":3,"name":"Energy Gels/Tablets","originalName":"Energy Gels/Tablets","productCount":11,"seoToken":"energy-gels-tablets","type":"CATALOG"},{"id":"8895605","level":3,"name":"Nutrition Powders","originalName":"Nutrition Powders","productCount":78,"seoToken":"nutrition-powders","type":"CATALOG"},{"id":"8895603","level":3,"name":"Protein Bars \u0026 Balls","originalName":"Protein Bars \u0026 Balls","productCount":206,"seoToken":"protein-bars-balls","type":"CATALOG"},{"id":"8895606","level":3,"name":"Rtd Protein Shakes","originalName":"Rtd Protein Shakes","productCount":40,"seoToken":"rtd-protein-shakes","type":"CATALOG"}]},{"id":"8285","level":2,"name":"Herbs \u0026 Spices","originalName":"Herbs \u0026 Spices","productCount":312,"seoToken":"herbs-spices","type":"CATALOG","catalogGroupView":[{"id":"7927","level":3,"name":"Dried Herbs \u0026 Spices","originalName":"Dried Herbs \u0026 Spices","productCount":48,"seoToken":"dried-herbs-spices","type":"CATALOG"},{"id":"8888270","level":3,"name":"Dried Spices","originalName":"Dried Spices","productCount":90,"seoToken":"dried-spices","type":"CATALOG"},{"id":"8888271","level":3,"name":"Jars \u0026 Pastes","originalName":"Jars \u0026 Pastes","productCount":13,"seoToken":"jars-pastes","type":"CATALOG"},{"id":"8286","level":3,"name":"Packet Seasonings","originalName":"Packet Seasonings","productCount":54,"seoToken":"packet-seasonings","type":"CATALOG"},{"id":"8252","level":3,"name":"Salt \u0026 Pepper","originalName":"Salt \u0026 Pepper","productCount":107,"seoToken":"salt-pepper","type":"CATALOG"}]},{"id":"8904802","level":2,"name":"International Foods","originalName":"International Foods","productCount":1103,"seoToken":"international-foods","type":"CATALOG","catalogGroupView":[{"id":"8904804","level":3,"name":"Asian","originalName":"Asian","productCount":555,"seoToken":"asian","type":"CATALOG"},{"id":"8904805","level":3,"name":"European","originalName":"European","productCount":3,"seoToken":"european","type":"CATALOG"},{"id":"8904806","level":3,"name":"Indian","originalName":"Indian","productCount":258,"seoToken":"indian","type":"CATALOG"},{"id":"8904808","level":3,"name":"Kosher","originalName":"Kosher","productCount":1,"seoToken":"kosher","type":"CATALOG"},{"id":"8904809","level":3,"name":"Mediterranean","originalName":"Mediterranean","productCount":68,"seoToken":"mediterranean","type":"CATALOG"},{"id":"8904810","level":3,"name":"Mexican","originalName":"Mexican","productCount":109,"seoToken":"mexican","type":"CATALOG"},{"id":"8904811","level":3,"name":"Middle Eastern","originalName":"Middle Eastern","productCount":1,"seoToken":"middle-eastern","type":"CATALOG"},{"id":"8904812","level":3,"name":"New Zealand","originalName":"New Zealand","productCount":20,"seoToken":"new-zealand","type":"CATALOG"},{"id":"8905000","level":3,"name":"South African","originalName":"South African","productCount":28,"seoToken":"south-african","type":"CATALOG"},{"id":"8904814","level":3,"name":"Uk","originalName":"Uk","productCount":34,"seoToken":"uk","type":"CATALOG"},{"id":"8904815","level":3,"name":"Usa","originalName":"Usa","productCount":26,"seoToken":"usa","type":"CATALOG"}]},{"id":"8881200","level":2,"name":"Jams, Honey \u0026 Spreads","originalName":"Jams, Honey \u0026 Spreads","productCount":215,"seoToken":"jams-honey-spreads","type":"CATALOG","catalogGroupView":[{"id":"8881202","level":3,"name":"Chocolate Spreads","originalName":"Chocolate Spreads","productCount":23,"seoToken":"chocolate-spreads","type":"CATALOG"},{"id":"8881205","level":3,"name":"Honey","originalName":"Honey","productCount":46,"seoToken":"honey","type":"CATALOG"},{"id":"8881201","level":3,"name":"Jams","originalName":"Jams","productCount":45,"seoToken":"jams","type":"CATALOG"},{"id":"8881203","level":3,"name":"Nut Spreads","originalName":"Nut Spreads","productCount":73,"seoToken":"nut-spreads","type":"CATALOG"},{"id":"8881204","level":3,"name":"Savoury Spreads","originalName":"Savoury Spreads","productCount":28,"seoToken":"savoury-spreads","type":"CATALOG"}]},{"id":"85977","level":2,"name":"Local Foods","originalName":"Local Foods","productCount":36,"seoToken":"local-foods","type":"CATALOG","catalogGroupView":[{"id":"87596","level":3,"name":"Local Snacks \u0026 Drinks","originalName":"Local Snacks \u0026 Drinks","productCount":36,"seoToken":"local-snacks-drinks","type":"CATALOG"}]},{"id":"9484","level":2,"name":"Oils \u0026 Vinegars","originalName":"Oils \u0026 Vinegars","productCount":142,"seoToken":"oils-vinegars","type":"CATALOG","catalogGroupView":[{"id":"9485","level":3,"name":"Oil","originalName":"Oil","productCount":105,"seoToken":"oil","type":"CATALOG"},{"id":"9442","level":3,"name":"Vinegar","originalName":"Vinegar","productCount":37,"seoToken":"vinegar","type":"CATALOG"}]},{"id":"9634","level":2,"name":"Pasta, Rice, Legumes \u0026 Grains","originalName":"Pasta, Rice, Legumes \u0026 Grains","productCount":329,"seoToken":"pasta-rice-legumes-grains","type":"CATALOG","catalogGroupView":[{"id":"9635","level":3,"name":"Beans \u0026 Legumes","originalName":"Beans \u0026 Legumes","productCount":40,"seoToken":"beans-legumes","type":"CATALOG"},{"id":"9496","level":3,"name":"Fresh Pasta","originalName":"Fresh Pasta","productCount":1,"seoToken":"fresh-pasta","type":"CATALOG"},{"id":"8888274","level":3,"name":"Microwave Rice","originalName":"Microwave Rice","productCount":45,"seoToken":"microwave-rice","type":"CATALOG"},{"id":"9539","level":3,"name":"Pasta","originalName":"Pasta","productCount":123,"seoToken":"pasta","type":"CATALOG"},{"id":"25712","level":3,"name":"Polenta \u0026 Other Grains","originalName":"Polenta \u0026 Other Grains","productCount":3,"seoToken":"polenta-other-grains","type":"CATALOG"},{"id":"9592","level":3,"name":"Rice","originalName":"Rice","productCount":117,"seoToken":"rice","type":"CATALOG"}]},{"id":"9232","level":2,"name":"Pickled Vegetables \u0026 Condiments","originalName":"Pickled Vegetables \u0026 Condiments","productCount":420,"seoToken":"pickled-vegetables-condiments","type":"CATALOG","catalogGroupView":[{"id":"9139","level":3,"name":"Mayonnaise","originalName":"Mayonnaise","productCount":52,"seoToken":"mayonnaise","type":"CATALOG"},{"id":"14000","level":3,"name":"Mustard","originalName":"Mustard","productCount":18,"seoToken":"mustard","type":"CATALOG"},{"id":"9101","level":3,"name":"Pickles, Chutney \u0026 Relish","originalName":"Pickles, Chutney \u0026 Relish","productCount":181,"seoToken":"pickles-chutney-relish","type":"CATALOG"},{"id":"9129","level":3,"name":"Salad Dressings","originalName":"Salad Dressings","productCount":91,"seoToken":"salad-dressings","type":"CATALOG"},{"id":"9233","level":3,"name":"Syrups \u0026 Toppings","originalName":"Syrups \u0026 Toppings","productCount":31,"seoToken":"syrups-toppings","type":"CATALOG"},{"id":"8888268","level":3,"name":"Tomato \u0026 Bbq Sauces","originalName":"Tomato \u0026 Bbq Sauces","productCount":47,"seoToken":"tomato-bbq-sauces","type":"CATALOG"}]},{"id":"9373","level":2,"name":"Sauces","originalName":"Sauces","productCount":416,"seoToken":"sauces","type":"CATALOG","catalogGroupView":[{"id":"8888273","level":3,"name":"Marinades","originalName":"Marinades","productCount":14,"seoToken":"marinades","type":"CATALOG"},{"id":"8888269","level":3,"name":"Mustards","originalName":"Mustards","productCount":18,"seoToken":"mustards","type":"CATALOG"},{"id":"9290","level":3,"name":"Pizza \u0026 Pasta","originalName":"Pizza \u0026 Pasta","productCount":127,"seoToken":"pizza-pasta","type":"CATALOG"},{"id":"9390","level":3,"name":"Recipe \u0026 Meal Bases","originalName":"Recipe \u0026 Meal Bases","productCount":134,"seoToken":"recipe-meal-bases","type":"CATALOG"},{"id":"9318","level":3,"name":"Soy \u0026 Asian","originalName":"Soy \u0026 Asian","productCount":15,"seoToken":"soy-asian","type":"CATALOG"},{"id":"9361","level":3,"name":"Stir-Fry and Curries","originalName":"Stir-Fry And Curries","productCount":22,"seoToken":"stir-fry-and-curries","type":"CATALOG"},{"id":"9374","level":3,"name":"Sweet Chilli \u0026 Hot","originalName":"Sweet Chilli \u0026 Hot","productCount":39,"seoToken":"sweet-chilli-hot","type":"CATALOG"},{"id":"9250","level":3,"name":"Tomato \u0026 Bbq","originalName":"Tomato \u0026 Bbq","productCount":47,"seoToken":"tomato-bbq","type":"CATALOG"}]},{"id":"8307","level":2,"name":"Stocks \u0026 Gravy","originalName":"Stocks \u0026 Gravy","productCount":111,"seoToken":"stocks-gravy","type":"CATALOG","catalogGroupView":[{"id":"8297","level":3,"name":"Dry Stock","originalName":"Dry Stock","productCount":22,"seoToken":"dry-stock","type":"CATALOG"},{"id":"8308","level":3,"name":"Gravy","originalName":"Gravy","productCount":44,"seoToken":"gravy","type":"CATALOG"},{"id":"8301","level":3,"name":"Liquid Stock","originalName":"Liquid Stock","productCount":45,"seoToken":"liquid-stock","type":"CATALOG"}]},{"id":"10303","level":2,"name":"Tea","originalName":"Tea","productCount":213,"seoToken":"tea","type":"CATALOG","catalogGroupView":[{"id":"10230","level":3,"name":"Black","originalName":"Black","productCount":80,"seoToken":"black","type":"CATALOG"},{"id":"8902602","level":3,"name":"Bubble Tea","originalName":"Bubble Tea","productCount":4,"seoToken":"bubble-tea","type":"CATALOG"},{"id":"19882","level":3,"name":"Chai","originalName":"Chai","productCount":16,"seoToken":"chai","type":"CATALOG"},{"id":"19880","level":3,"name":"Green","originalName":"Green","productCount":21,"seoToken":"green","type":"CATALOG"},{"id":"19884","level":3,"name":"Herbal","originalName":"Herbal","productCount":77,"seoToken":"herbal","type":"CATALOG"},{"id":"19885","level":3,"name":"Loose Leaf","originalName":"Loose Leaf","productCount":7,"seoToken":"loose-leaf","type":"CATALOG"},{"id":"19883","level":3,"name":"Organic","originalName":"Organic","productCount":7,"seoToken":"organic","type":"CATALOG"},{"id":"19881","level":3,"name":"White","originalName":"White","productCount":1,"seoToken":"white","type":"CATALOG"}]}]},{"id":"11456","level":1,"name":"Drinks","originalName":"Drinks","productCount":1649,"seoToken":"drinks","type":"CATALOG","catalogGroupView":[{"id":"98628","level":2,"name":"Coffee Drinks","originalName":"Coffee Drinks","productCount":333,"seoToken":"coffee-drinks","type":"CATALOG","catalogGroupView":[{"id":"98659","level":3,"name":"Accessories Coffee","originalName":"Accessories Coffee","productCount":4,"seoToken":"accessories-coffee","type":"CATALOG"},{"id":"98656","level":3,"name":"Beans Coffee","originalName":"Beans Coffee","productCount":50,"seoToken":"beans-coffee","type":"CATALOG"},{"id":"98658","level":3,"name":"Coffee Capsules","originalName":"Coffee Capsules","productCount":95,"seoToken":"coffee-capsules","type":"CATALOG"},{"id":"98654","level":3,"name":"Coffee Ground","originalName":"Coffee Ground","productCount":40,"seoToken":"coffee-ground","type":"CATALOG"},{"id":"98655","level":3,"name":"Coffee Instant","originalName":"Coffee Instant","productCount":82,"seoToken":"coffee-instant","type":"CATALOG"},{"id":"98657","level":3,"name":"Mixes Coffee","originalName":"Mixes Coffee","productCount":62,"seoToken":"mixes-coffee","type":"CATALOG"}]},{"id":"8893454","level":2,"name":"Cold Drinks","originalName":"Cold Drinks","productCount":52,"seoToken":"cold-drinks","type":"CATALOG","catalogGroupView":[{"id":"8893457","level":3,"name":"Cold Soft Drinks","originalName":"Cold Soft Drinks","productCount":29,"seoToken":"cold-soft-drinks","type":"CATALOG"},{"id":"8893456","level":3,"name":"Cold Water","originalName":"Cold Water","productCount":6,"seoToken":"cold-water","type":"CATALOG"},{"id":"8893458","level":3,"name":"Other Cold Drinks","originalName":"Other Cold Drinks","productCount":17,"seoToken":"other-cold-drinks","type":"CATALOG"}]},{"id":"98622","level":2,"name":"Cordials","originalName":"Cordials","productCount":75,"seoToken":"cordials","type":"CATALOG","catalogGroupView":[{"id":"98634","level":3,"name":"All Cordials","originalName":"All Cordials","productCount":75,"seoToken":"all-cordials","type":"CATALOG"}]},{"id":"8893442","level":2,"name":"Energy Drinks","originalName":"Energy Drinks","productCount":63,"seoToken":"energy-drinks","type":"CATALOG","catalogGroupView":[{"id":"8893445","level":3,"name":"Bottles","originalName":"Bottles","productCount":1,"seoToken":"bottles","type":"CATALOG"},{"id":"8893444","level":3,"name":"Multipack Cans","originalName":"Multipack Cans","productCount":27,"seoToken":"multipack-cans","type":"CATALOG"},{"id":"8893443","level":3,"name":"Single Cans","originalName":"Single Cans","productCount":35,"seoToken":"single-cans","type":"CATALOG"}]},{"id":"98626","level":2,"name":"Flavoured Milk","originalName":"Flavoured Milk","productCount":93,"seoToken":"flavoured-milk","type":"CATALOG","catalogGroupView":[{"id":"98645","level":3,"name":"Drinking Chocolate","originalName":"Drinking Chocolate","productCount":12,"seoToken":"drinking-chocolate","type":"CATALOG"},{"id":"98644","level":3,"name":"Drinks \u0026 Powders","originalName":"Drinks \u0026 Powders","productCount":74,"seoToken":"drinks-powders","type":"CATALOG"},{"id":"98646","level":3,"name":"Kids Milk","originalName":"Kids Milk","productCount":7,"seoToken":"kids-milk","type":"CATALOG"}]},{"id":"8893452","level":2,"name":"Iced Tea","originalName":"Iced Tea","productCount":14,"seoToken":"iced-tea","type":"CATALOG","catalogGroupView":[{"id":"8893453","level":3,"name":"Single \u0026 Multi Serve","originalName":"Single \u0026 Multi Serve","productCount":14,"seoToken":"single-multi-serve","type":"CATALOG"}]},{"id":"98624","level":2,"name":"Juice","originalName":"Juice","productCount":284,"seoToken":"juice","type":"CATALOG","catalogGroupView":[{"id":"8893451","level":3,"name":"Canned Juices","originalName":"Canned Juices","productCount":5,"seoToken":"canned-juices","type":"CATALOG"},{"id":"98640","level":3,"name":"Chilled Juice","originalName":"Chilled Juice","productCount":150,"seoToken":"chilled-juice","type":"CATALOG"},{"id":"8893447","level":3,"name":"Glass Juice Bottles","originalName":"Glass Juice Bottles","productCount":17,"seoToken":"glass-juice-bottles","type":"CATALOG"},{"id":"8893450","level":3,"name":"Multi Pack Juice","originalName":"Multi Pack Juice","productCount":34,"seoToken":"multi-pack-juice","type":"CATALOG"},{"id":"8893449","level":3,"name":"Packs \u0026 Pouches","originalName":"Packs \u0026 Pouches","productCount":11,"seoToken":"packs-pouches","type":"CATALOG"},{"id":"8893448","level":3,"name":"Plastic Juice Bottles","originalName":"Plastic Juice Bottles","productCount":67,"seoToken":"plastic-juice-bottles","type":"CATALOG"}]},{"id":"98629","level":2,"name":"Long-Life Milk","originalName":"Long-Life Milk","productCount":99,"seoToken":"long-life-milk","type":"CATALOG","catalogGroupView":[{"id":"98662","level":3,"name":"Almond Milk","originalName":"Almond Milk","productCount":22,"seoToken":"almond-milk","type":"CATALOG"},{"id":"98667","level":3,"name":"Lactose Free Milk","originalName":"Lactose Free Milk","productCount":7,"seoToken":"lactose-free-milk","type":"CATALOG"},{"id":"98661","level":3,"name":"Long Life Flavoured Milk","originalName":"Long Life Flavoured Milk","productCount":6,"seoToken":"long-life-flavoured-milk","type":"CATALOG"},{"id":"98660","level":3,"name":"Long Life Milk","originalName":"Long Life Milk","productCount":16,"seoToken":"long-life-milk","type":"CATALOG"},{"id":"98666","level":3,"name":"Oat \u0026 Rice Milks","originalName":"Oat \u0026 Rice Milks","productCount":25,"seoToken":"oat-rice-milks","type":"CATALOG"},{"id":"98663","level":3,"name":"Organic Milk","originalName":"Organic Milk","productCount":7,"seoToken":"organic-milk","type":"CATALOG"},{"id":"98665","level":3,"name":"Powdered Milk","originalName":"Powdered Milk","productCount":4,"seoToken":"powdered-milk","type":"CATALOG"},{"id":"98664","level":3,"name":"Soy Milk Long-Life","originalName":"Soy Milk Long-Life","productCount":12,"seoToken":"soy-milk-long-life","type":"CATALOG"}]},{"id":"98630","level":2,"name":"Non-Alcoholic","originalName":"Non-Alcoholic","productCount":15,"seoToken":"non-alcoholic","type":"CATALOG","catalogGroupView":[{"id":"98669","level":3,"name":"Non-Alcoholic Drinks","originalName":"Non-Alcoholic Drinks","productCount":15,"seoToken":"non-alcoholic-drinks","type":"CATALOG"}]},{"id":"98621","level":2,"name":"Soft Drinks","originalName":"Soft Drinks","productCount":244,"seoToken":"soft-drinks","type":"CATALOG","catalogGroupView":[{"id":"98631","level":3,"name":"Kombucha \u0026 Other Drinks","originalName":"Kombucha \u0026 Other Drinks","productCount":25,"seoToken":"kombucha-other-drinks","type":"CATALOG"},{"id":"98632","level":3,"name":"Mixers","originalName":"Mixers","productCount":68,"seoToken":"mixers","type":"CATALOG"},{"id":"8893441","level":3,"name":"Soft Drink Bottles","originalName":"Soft Drink Bottles","productCount":77,"seoToken":"soft-drink-bottles","type":"CATALOG"},{"id":"8893440","level":3,"name":"Soft Drink Cans","originalName":"Soft Drink Cans","productCount":74,"seoToken":"soft-drink-cans","type":"CATALOG"}]},{"id":"98625","level":2,"name":"Sports Drinks","originalName":"Sports Drinks","productCount":39,"seoToken":"sports-drinks","type":"CATALOG","catalogGroupView":[{"id":"98643","level":3,"name":"All Iced Tea","originalName":"All Iced Tea","productCount":8,"seoToken":"all-iced-tea","type":"CATALOG"},{"id":"98642","level":3,"name":"Sport Drink Powders","originalName":"Sport Drink Powders","productCount":4,"seoToken":"sport-drink-powders","type":"CATALOG"},{"id":"98641","level":3,"name":"Sports Drink","originalName":"Sports Drink","productCount":27,"seoToken":"sports-drink","type":"CATALOG"}]},{"id":"98627","level":2,"name":"Tea Drinks","originalName":"Tea Drinks","productCount":213,"seoToken":"tea-drinks","type":"CATALOG","catalogGroupView":[{"id":"98647","level":3,"name":"Tea Black","originalName":"Tea Black","productCount":80,"seoToken":"tea-black","type":"CATALOG"},{"id":"8902603","level":3,"name":"Tea Bubble","originalName":"Tea Bubble","productCount":4,"seoToken":"tea-bubble","type":"CATALOG"},{"id":"98650","level":3,"name":"Tea Chai","originalName":"Tea Chai","productCount":16,"seoToken":"tea-chai","type":"CATALOG"},{"id":"98648","level":3,"name":"Tea Green","originalName":"Tea Green","productCount":21,"seoToken":"tea-green","type":"CATALOG"},{"id":"98652","level":3,"name":"Tea Herbal","originalName":"Tea Herbal","productCount":77,"seoToken":"tea-herbal","type":"CATALOG"},{"id":"98653","level":3,"name":"Tea Loose Leaf","originalName":"Tea Loose Leaf","productCount":7,"seoToken":"tea-loose-leaf","type":"CATALOG"},{"id":"98651","level":3,"name":"Tea Organic","originalName":"Tea Organic","productCount":7,"seoToken":"tea-organic","type":"CATALOG"},{"id":"98649","level":3,"name":"Tea White","originalName":"Tea White","productCount":1,"seoToken":"tea-white","type":"CATALOG"}]},{"id":"98623","level":2,"name":"Water","originalName":"Water","productCount":125,"seoToken":"water","type":"CATALOG","catalogGroupView":[{"id":"98638","level":3,"name":"Flavoured Water","originalName":"Flavoured Water","productCount":15,"seoToken":"flavoured-water","type":"CATALOG"},{"id":"98636","level":3,"name":"Mineral Water","originalName":"Mineral Water","productCount":2,"seoToken":"mineral-water","type":"CATALOG"},{"id":"98637","level":3,"name":"Sparkling Water","originalName":"Sparkling Water","productCount":76,"seoToken":"sparkling-water","type":"CATALOG"},{"id":"98635","level":3,"name":"Still Water","originalName":"Still Water","productCount":32,"seoToken":"still-water","type":"CATALOG"}]}]},{"id":"85471","level":1,"name":"Frozen","originalName":"Frozen","productCount":1496,"seoToken":"frozen","type":"CATALOG","catalogGroupView":[{"id":"85614","level":2,"name":"Ice Cream","originalName":"Ice Cream","productCount":517,"seoToken":"ice-cream","type":"CATALOG","catalogGroupView":[{"id":"85636","level":3,"name":"Frozen Yoghurt","originalName":"Frozen Yoghurt","productCount":6,"seoToken":"frozen-yoghurt","type":"CATALOG"},{"id":"85637","level":3,"name":"Ice Cream Desserts","originalName":"Ice Cream Desserts","productCount":4,"seoToken":"ice-cream-desserts","type":"CATALOG"},{"id":"85638","level":3,"name":"Ice Cream Sticks","originalName":"Ice Cream Sticks","productCount":174,"seoToken":"ice-cream-sticks","type":"CATALOG"},{"id":"85639","level":3,"name":"Ice Cream Tubs","originalName":"Ice Cream Tubs","productCount":141,"seoToken":"ice-cream-tubs","type":"CATALOG"},{"id":"85640","level":3,"name":"Premium Ice Cream","originalName":"Premium Ice Cream","productCount":180,"seoToken":"premium-ice-cream","type":"CATALOG"},{"id":"85641","level":3,"name":"Sorbet \u0026 Gelato","originalName":"Sorbet \u0026 Gelato","productCount":12,"seoToken":"sorbet-gelato","type":"CATALOG"}]},{"id":"89991","level":2,"name":"Frozen Baby \u0026 Toddler Meals","originalName":"Frozen Baby \u0026 Toddler Meals","productCount":7,"seoToken":"frozen-baby-toddler-meals","type":"CATALOG","catalogGroupView":[{"id":"89992","level":3,"name":"All Baby \u0026 Toddler Meals","originalName":"All Baby \u0026 Toddler Meals","productCount":7,"seoToken":"all-baby-toddler-meals","type":"CATALOG"}]},{"id":"85615","level":2,"name":"Frozen Chicken, Beef \u0026 Pork","originalName":"Frozen Chicken, Beef \u0026 Pork","productCount":71,"seoToken":"frozen-chicken-beef-pork","type":"CATALOG","catalogGroupView":[{"id":"85644","level":3,"name":"Burgers","originalName":"Burgers","productCount":4,"seoToken":"burgers","type":"CATALOG"},{"id":"85645","level":3,"name":"Chicken Pieces \u0026 Nuggets","originalName":"Chicken Pieces \u0026 Nuggets","productCount":57,"seoToken":"chicken-pieces-nuggets","type":"CATALOG"},{"id":"85646","level":3,"name":"Chicken Wing \u0026 Nibbles","originalName":"Chicken Wing \u0026 Nibbles","productCount":3,"seoToken":"chicken-wing-nibbles","type":"CATALOG"},{"id":"8904601","level":3,"name":"Frozen Meat Free","originalName":"Frozen Meat Free","productCount":6,"seoToken":"frozen-meat-free","type":"CATALOG"},{"id":"8913400","level":3,"name":"Frozen Turkey","originalName":"Frozen Turkey","productCount":1,"seoToken":"frozen-turkey","type":"CATALOG"}]},{"id":"85991","level":2,"name":"Frozen Chips \u0026 Wedges","originalName":"Frozen Chips \u0026 Wedges","productCount":38,"seoToken":"frozen-chips-wedges","type":"CATALOG","catalogGroupView":[{"id":"85620","level":3,"name":"Chips","originalName":"Chips","productCount":28,"seoToken":"chips","type":"CATALOG"},{"id":"85621","level":3,"name":"Hashbrowns","originalName":"Hashbrowns","productCount":5,"seoToken":"hashbrowns","type":"CATALOG"},{"id":"85622","level":3,"name":"Oven Roasted","originalName":"Oven Roasted","productCount":3,"seoToken":"oven-roasted","type":"CATALOG"},{"id":"85623","level":3,"name":"Wedges","originalName":"Wedges","productCount":2,"seoToken":"wedges","type":"CATALOG"}]},{"id":"85611","level":2,"name":"Frozen Desserts","originalName":"Frozen Desserts","productCount":35,"seoToken":"frozen-desserts","type":"CATALOG","catalogGroupView":[{"id":"85626","level":3,"name":"Assorted Desserts","originalName":"Assorted Desserts","productCount":10,"seoToken":"assorted-desserts","type":"CATALOG"},{"id":"85627","level":3,"name":"Cakes \u0026 Cheesecakes","originalName":"Cakes \u0026 Cheesecakes","productCount":14,"seoToken":"cakes-cheesecakes","type":"CATALOG"},{"id":"85628","level":3,"name":"Dessert Pies","originalName":"Dessert Pies","productCount":6,"seoToken":"dessert-pies","type":"CATALOG"},{"id":"85629","level":3,"name":"Ice Cream Cakes","originalName":"Ice Cream Cakes","productCount":4,"seoToken":"ice-cream-cakes","type":"CATALOG"},{"id":"85630","level":3,"name":"Pastries \u0026 Puddings","originalName":"Pastries \u0026 Puddings","productCount":1,"seoToken":"pastries-puddings","type":"CATALOG"}]},{"id":"85612","level":2,"name":"Frozen Fish \u0026 Seafood","originalName":"Frozen Fish \u0026 Seafood","productCount":154,"seoToken":"frozen-fish-seafood","type":"CATALOG","catalogGroupView":[{"id":"85632","level":3,"name":"Fish Fillets","originalName":"Fish Fillets","productCount":50,"seoToken":"fish-fillets","type":"CATALOG"},{"id":"85631","level":3,"name":"Fish Fingers \u0026 Cakes","originalName":"Fish Fingers \u0026 Cakes","productCount":13,"seoToken":"fish-fingers-cakes","type":"CATALOG"},{"id":"85633","level":3,"name":"Seafood Frozen","originalName":"Seafood Frozen","productCount":91,"seoToken":"seafood-frozen","type":"CATALOG"}]},{"id":"85613","level":2,"name":"Frozen Fruit","originalName":"Frozen Fruit","productCount":37,"seoToken":"frozen-fruit","type":"CATALOG","catalogGroupView":[{"id":"85634","level":3,"name":"Berries","originalName":"Berries","productCount":14,"seoToken":"berries","type":"CATALOG"},{"id":"85635","level":3,"name":"Tropical","originalName":"Tropical","productCount":23,"seoToken":"tropical","type":"CATALOG"}]},{"id":"8911200","level":2,"name":"Frozen Gluten Free","originalName":"Frozen Gluten Free","productCount":36,"seoToken":"frozen-gluten-free","type":"CATALOG","catalogGroupView":[{"id":"8911201","level":3,"name":"All Gluten Free","originalName":"All Gluten Free","productCount":36,"seoToken":"all-gluten-free","type":"CATALOG"}]},{"id":"89177","level":2,"name":"Frozen Meals","originalName":"Frozen Meals","productCount":183,"seoToken":"frozen-meals","type":"CATALOG","catalogGroupView":[{"id":"85624","level":3,"name":"Convenience Meals","originalName":"Convenience Meals","productCount":183,"seoToken":"convenience-meals","type":"CATALOG"}]},{"id":"85616","level":2,"name":"Frozen Pastry \u0026 Party Food","originalName":"Frozen Pastry \u0026 Party Food","productCount":193,"seoToken":"frozen-pastry-party-food","type":"CATALOG","catalogGroupView":[{"id":"85648","level":3,"name":"Asian Party Food","originalName":"Asian Party Food","productCount":11,"seoToken":"asian-party-food","type":"CATALOG"},{"id":"85651","level":3,"name":"Party Food","originalName":"Party Food","productCount":95,"seoToken":"party-food","type":"CATALOG"},{"id":"85649","level":3,"name":"Pastries","originalName":"Pastries","productCount":15,"seoToken":"pastries","type":"CATALOG"},{"id":"85652","level":3,"name":"Pastry Sheets","originalName":"Pastry Sheets","productCount":11,"seoToken":"pastry-sheets","type":"CATALOG"},{"id":"85650","level":3,"name":"Pies \u0026 Quiches","originalName":"Pies \u0026 Quiches","productCount":61,"seoToken":"pies-quiches","type":"CATALOG"}]},{"id":"85617","level":2,"name":"Frozen Pizza \u0026 Bases","originalName":"Frozen Pizza \u0026 Bases","productCount":42,"seoToken":"frozen-pizza-bases","type":"CATALOG","catalogGroupView":[{"id":"85653","level":3,"name":"Pizza Snacks","originalName":"Pizza Snacks","productCount":8,"seoToken":"pizza-snacks","type":"CATALOG"},{"id":"85654","level":3,"name":"Pizzas","originalName":"Pizzas","productCount":34,"seoToken":"pizzas","type":"CATALOG"}]},{"id":"8911000","level":2,"name":"Frozen Vegan \u0026 Vegetarian","originalName":"Frozen Vegan \u0026 Vegetarian","productCount":37,"seoToken":"frozen-vegan-vegetarian","type":"CATALOG","catalogGroupView":[{"id":"8911001","level":3,"name":"All Plant Based","originalName":"All Plant Based","productCount":37,"seoToken":"all-plant-based","type":"CATALOG"}]},{"id":"85618","level":2,"name":"Frozen Vegetables","originalName":"Frozen Vegetables","productCount":78,"seoToken":"frozen-vegetables","type":"CATALOG","catalogGroupView":[{"id":"85655","level":3,"name":"Beans","originalName":"Beans","productCount":6,"seoToken":"beans","type":"CATALOG"},{"id":"85656","level":3,"name":"Corn","originalName":"Corn","productCount":5,"seoToken":"corn","type":"CATALOG"},{"id":"85658","level":3,"name":"Mixed Vegetables","originalName":"Mixed Vegetables","productCount":28,"seoToken":"mixed-vegetables","type":"CATALOG"},{"id":"85659","level":3,"name":"Other Vegetables","originalName":"Other Vegetables","productCount":17,"seoToken":"other-vegetables","type":"CATALOG"},{"id":"85660","level":3,"name":"Oven Roast Potato","originalName":"Oven Roast Potato","productCount":3,"seoToken":"oven-roast-potato","type":"CATALOG"},{"id":"85661","level":3,"name":"Peas","originalName":"Peas","productCount":8,"seoToken":"peas","type":"CATALOG"},{"id":"85662","level":3,"name":"Steaming","originalName":"Steaming","productCount":7,"seoToken":"steaming","type":"CATALOG"},{"id":"85663","level":3,"name":"Stir Fry","originalName":"Stir Fry","productCount":4,"seoToken":"stir-fry","type":"CATALOG"}]},{"id":"8905201","level":2,"name":"Frozen World Food","originalName":"Frozen World Food","productCount":68,"seoToken":"frozen-world-food","type":"CATALOG","catalogGroupView":[{"id":"8905202","level":3,"name":"Frozen Asian Foods","originalName":"Frozen Asian Foods","productCount":47,"seoToken":"frozen-asian-foods","type":"CATALOG"},{"id":"8905203","level":3,"name":"Frozen Indian Foods","originalName":"Frozen Indian Foods","productCount":21,"seoToken":"frozen-indian-foods","type":"CATALOG"}]}]},{"id":"14003","level":1,"name":"Household","originalName":"Household","productCount":3512,"seoToken":"household","type":"CATALOG","catalogGroupView":[{"id":"8898633","level":2,"name":"Air Fresheners \u0026 Home Fragrance","originalName":"Air Fresheners \u0026 Home Fragrance","productCount":182,"seoToken":"air-fresheners-home-fragrance","type":"CATALOG","catalogGroupView":[{"id":"8898634","level":3,"name":"All Airfreshners","originalName":"All Airfreshners","productCount":182,"seoToken":"all-airfreshners","type":"CATALOG"}]},{"id":"8902800","level":2,"name":"Bags","originalName":"Bags","productCount":2,"seoToken":"bags","type":"CATALOG","catalogGroupView":[{"id":"8902801","level":3,"name":"Chiller Bags","originalName":"Chiller Bags","productCount":2,"seoToken":"chiller-bags","type":"CATALOG"}]},{"id":"12902","level":2,"name":"Bathroom","originalName":"Bathroom","productCount":4,"seoToken":"bathroom","type":"CATALOG","catalogGroupView":[{"id":"12830","level":3,"name":"Toilet Paper","originalName":"Toilet Paper","productCount":4,"seoToken":"toilet-paper","type":"CATALOG"}]},{"id":"15005","level":2,"name":"Charity Donations","originalName":"Charity Donations","productCount":4,"seoToken":"charity-donations","type":"CATALOG","catalogGroupView":[{"id":"15006","level":3,"name":"Donations","originalName":"Donations","productCount":4,"seoToken":"donations","type":"CATALOG"}]},{"id":"13228","level":2,"name":"Cleaning Goods","originalName":"Cleaning Goods","productCount":446,"seoToken":"cleaning-goods","type":"CATALOG","catalogGroupView":[{"id":"12840","level":3,"name":"Bathroom Cleaners","originalName":"Bathroom Cleaners","productCount":17,"seoToken":"bathroom-cleaners","type":"CATALOG"},{"id":"12841","level":3,"name":"Bleach","originalName":"Bleach","productCount":13,"seoToken":"bleach","type":"CATALOG"},{"id":"8898616","level":3,"name":"Cleaning Accessories","originalName":"Cleaning Accessories","productCount":19,"seoToken":"cleaning-accessories","type":"CATALOG"},{"id":"13229","level":3,"name":"Cleaning Gloves","originalName":"Cleaning Gloves","productCount":31,"seoToken":"cleaning-gloves","type":"CATALOG"},{"id":"12842","level":3,"name":"Drain \u0026 Solvents","originalName":"Drain \u0026 Solvents","productCount":12,"seoToken":"drain-solvents","type":"CATALOG"},{"id":"12844","level":3,"name":"Fabric, Metal \u0026 Furniture","originalName":"Fabric, Metal \u0026 Furniture","productCount":11,"seoToken":"fabric-metal-furniture","type":"CATALOG"},{"id":"12843","level":3,"name":"Floor \u0026 Carpet Cleaners","originalName":"Floor \u0026 Carpet Cleaners","productCount":24,"seoToken":"floor-carpet-cleaners","type":"CATALOG"},{"id":"12845","level":3,"name":"Kitchen Cleaners","originalName":"Kitchen Cleaners","productCount":19,"seoToken":"kitchen-cleaners","type":"CATALOG"},{"id":"25315","level":3,"name":"Mops, Buckets \u0026 Brooms","originalName":"Mops, Buckets \u0026 Brooms","productCount":71,"seoToken":"mops-buckets-brooms","type":"CATALOG"},{"id":"12847","level":3,"name":"Mould Killers \u0026 Disinfectants","originalName":"Mould Killers \u0026 Disinfectants","productCount":19,"seoToken":"mould-killers-disinfectants","type":"CATALOG"},{"id":"12848","level":3,"name":"Multipurpose Cleaners","originalName":"Multipurpose Cleaners","productCount":58,"seoToken":"multipurpose-cleaners","type":"CATALOG"},{"id":"25613","level":3,"name":"Paper Towels, Sponges and Brushes","originalName":"Paper Towels, Sponges And Brushes","productCount":3,"seoToken":"paper-towels-sponges-and-brushes","type":"CATALOG"},{"id":"12849","level":3,"name":"Sponges, Cloths \u0026 Wipes","originalName":"Sponges, Cloths \u0026 Wipes","productCount":61,"seoToken":"sponges-cloths-wipes","type":"CATALOG"},{"id":"8898615","level":3,"name":"Toilet Cleaning","originalName":"Toilet Cleaning","productCount":81,"seoToken":"toilet-cleaning","type":"CATALOG"},{"id":"12850","level":3,"name":"Windows \u0026 Glass","originalName":"Windows \u0026 Glass","productCount":7,"seoToken":"windows-glass","type":"CATALOG"}]},{"id":"8888200","level":2,"name":"Clothing \u0026 Accessories","originalName":"Clothing \u0026 Accessories","productCount":197,"seoToken":"clothing-accessories","type":"CATALOG","catalogGroupView":[{"id":"8888201","level":3,"name":"Babywear","originalName":"Babywear","productCount":3,"seoToken":"babywear","type":"CATALOG"},{"id":"8888202","level":3,"name":"Children'S Socks","originalName":"Children'S Socks","productCount":14,"seoToken":"childrens-socks","type":"CATALOG"},{"id":"8888205","level":3,"name":"Men's Socks","originalName":"Men's Socks","productCount":13,"seoToken":"mens-socks","type":"CATALOG"},{"id":"8888206","level":3,"name":"Men's Underwear","originalName":"Men's Underwear","productCount":8,"seoToken":"mens-underwear","type":"CATALOG"},{"id":"8888207","level":3,"name":"Seasonal Accessories","originalName":"Seasonal Accessories","productCount":3,"seoToken":"seasonal-accessories","type":"CATALOG"},{"id":"8888208","level":3,"name":"Shoe Care and Footwear","originalName":"Shoe Care And Footwear","productCount":48,"seoToken":"shoe-care-and-footwear","type":"CATALOG"},{"id":"8888204","level":3,"name":"Women's Hosiery","originalName":"Women's Hosiery","productCount":91,"seoToken":"womens-hosiery","type":"CATALOG"},{"id":"8888209","level":3,"name":"Women's Socks","originalName":"Women's Socks","productCount":11,"seoToken":"womens-socks","type":"CATALOG"},{"id":"8888210","level":3,"name":"Women's Underwear","originalName":"Women's Underwear","productCount":6,"seoToken":"womens-underwear","type":"CATALOG"}]},{"id":"8893414","level":2,"name":"Craft, Toys \u0026 Games","originalName":"Craft, Toys \u0026 Games","productCount":27,"seoToken":"craft-toys-games","type":"CATALOG","catalogGroupView":[{"id":"8893417","level":3,"name":"Baby Toys","originalName":"Baby Toys","productCount":4,"seoToken":"baby-toys","type":"CATALOG"},{"id":"8893418","level":3,"name":"Games \u0026 Hobbies","originalName":"Games \u0026 Hobbies","productCount":9,"seoToken":"games-hobbies","type":"CATALOG"},{"id":"8901201","level":3,"name":"Toys","originalName":"Toys","productCount":14,"seoToken":"toys","type":"CATALOG"}]},{"id":"12938","level":2,"name":"Dishwashing","originalName":"Dishwashing","productCount":202,"seoToken":"dishwashing","type":"CATALOG","catalogGroupView":[{"id":"25614","level":3,"name":"All Paper Towels","originalName":"All Paper Towels","productCount":6,"seoToken":"all-paper-towels","type":"CATALOG"},{"id":"12939","level":3,"name":"Dishwasher Additives","originalName":"Dishwasher Additives","productCount":15,"seoToken":"dishwasher-additives","type":"CATALOG"},{"id":"12940","level":3,"name":"Dishwasher Tablets, Powder \u0026 Gel","originalName":"Dishwasher Tablets, Powder \u0026 Gel","productCount":51,"seoToken":"dishwasher-tablets-powder-gel","type":"CATALOG"},{"id":"12941","level":3,"name":"Dishwashing Liquid","originalName":"Dishwashing Liquid","productCount":52,"seoToken":"dishwashing-liquid","type":"CATALOG"},{"id":"8898619","level":3,"name":"Gloves","originalName":"Gloves","productCount":28,"seoToken":"gloves","type":"CATALOG"},{"id":"8898602","level":3,"name":"Sponges \u0026 Scourers","originalName":"Sponges \u0026 Scourers","productCount":50,"seoToken":"sponges-scourers","type":"CATALOG"}]},{"id":"8893404","level":2,"name":"Diy \u0026 Car","originalName":"Diy \u0026 Car","productCount":106,"seoToken":"diy-car","type":"CATALOG","catalogGroupView":[{"id":"8893408","level":3,"name":"Adhesives, Glues \u0026 Tapes","originalName":"Adhesives, Glues \u0026 Tapes","productCount":23,"seoToken":"adhesives-glues-tapes","type":"CATALOG"},{"id":"8893406","level":3,"name":"Car Care","originalName":"Car Care","productCount":32,"seoToken":"car-care","type":"CATALOG"},{"id":"8893407","level":3,"name":"Car Oil \u0026 Coolants","originalName":"Car Oil \u0026 Coolants","productCount":2,"seoToken":"car-oil-coolants","type":"CATALOG"},{"id":"8893410","level":3,"name":"Home Maintenance","originalName":"Home Maintenance","productCount":7,"seoToken":"home-maintenance","type":"CATALOG"},{"id":"8893409","level":3,"name":"Hooks \u0026 Fasteners","originalName":"Hooks \u0026 Fasteners","productCount":30,"seoToken":"hooks-fasteners","type":"CATALOG"},{"id":"8893411","level":3,"name":"Security","originalName":"Security","productCount":5,"seoToken":"security","type":"CATALOG"},{"id":"8893413","level":3,"name":"Tools \u0026 Accessories","originalName":"Tools \u0026 Accessories","productCount":7,"seoToken":"tools-accessories","type":"CATALOG"}]},{"id":"12387","level":2,"name":"Electrical","originalName":"Electrical","productCount":244,"seoToken":"electrical","type":"CATALOG","catalogGroupView":[{"id":"12313","level":3,"name":"Batteries","originalName":"Batteries","productCount":81,"seoToken":"batteries","type":"CATALOG"},{"id":"12388","level":3,"name":"Extension Cords \u0026 Adapters","originalName":"Extension Cords \u0026 Adapters","productCount":29,"seoToken":"extension-cords-adapters","type":"CATALOG"},{"id":"12291","level":3,"name":"Lighting","originalName":"Lighting","productCount":91,"seoToken":"lighting","type":"CATALOG"},{"id":"12350","level":3,"name":"Phone Accessories \u0026 Earphones","originalName":"Phone Accessories \u0026 Earphones","productCount":38,"seoToken":"phone-accessories-earphones","type":"CATALOG"},{"id":"12369","level":3,"name":"Torches","originalName":"Torches","productCount":5,"seoToken":"torches","type":"CATALOG"}]},{"id":"12255","level":2,"name":"Food Storage","originalName":"Food Storage","productCount":44,"seoToken":"food-storage","type":"CATALOG","catalogGroupView":[{"id":"12203","level":3,"name":"Containers \u0026 Tubs","originalName":"Containers \u0026 Tubs","productCount":22,"seoToken":"containers-tubs","type":"CATALOG"},{"id":"12225","level":3,"name":"Freezer Bags \u0026 Sandwich","originalName":"Freezer Bags \u0026 Sandwich","productCount":10,"seoToken":"freezer-bags-sandwich","type":"CATALOG"},{"id":"12256","level":3,"name":"Plastic Wrap \u0026 Bags","originalName":"Plastic Wrap \u0026 Bags","productCount":12,"seoToken":"plastic-wrap-bags","type":"CATALOG"}]},{"id":"13514","level":2,"name":"Garden","originalName":"Garden","productCount":63,"seoToken":"garden","type":"CATALOG","catalogGroupView":[{"id":"13295","level":3,"name":"Gloves \u0026 Tools","originalName":"Gloves \u0026 Tools","productCount":9,"seoToken":"gloves-tools","type":"CATALOG"},{"id":"13457","level":3,"name":"Insecticide \u0026 Weed Control","originalName":"Insecticide \u0026 Weed Control","productCount":13,"seoToken":"insecticide-weed-control","type":"CATALOG"},{"id":"13434","level":3,"name":"Lawncare \u0026 Plant Food","originalName":"Lawncare \u0026 Plant Food","productCount":6,"seoToken":"lawncare-plant-food","type":"CATALOG"},{"id":"13264","level":3,"name":"Potting Mix \u0026 Fertilizer","originalName":"Potting Mix \u0026 Fertilizer","productCount":25,"seoToken":"potting-mix-fertilizer","type":"CATALOG"},{"id":"13453","level":3,"name":"Seeds \u0026 Plants","originalName":"Seeds \u0026 Plants","productCount":2,"seoToken":"seeds-plants","type":"CATALOG"},{"id":"13515","level":3,"name":"Watering","originalName":"Watering","productCount":8,"seoToken":"watering","type":"CATALOG"}]},{"id":"12113","level":2,"name":"Homewares","originalName":"Homewares","productCount":239,"seoToken":"homewares","type":"CATALOG","catalogGroupView":[{"id":"11949","level":3,"name":"Appliances","originalName":"Appliances","productCount":22,"seoToken":"appliances","type":"CATALOG"},{"id":"11956","level":3,"name":"Cutlery \u0026 Servingware","originalName":"Cutlery \u0026 Servingware","productCount":40,"seoToken":"cutlery-servingware","type":"CATALOG"},{"id":"11972","level":3,"name":"Glassware","originalName":"Glassware","productCount":23,"seoToken":"glassware","type":"CATALOG"},{"id":"12048","level":3,"name":"Home Storage","originalName":"Home Storage","productCount":14,"seoToken":"home-storage","type":"CATALOG"},{"id":"11976","level":3,"name":"Mugs \u0026 Cups","originalName":"Mugs \u0026 Cups","productCount":29,"seoToken":"mugs-cups","type":"CATALOG"},{"id":"12004","level":3,"name":"Plates \u0026 Bowls","originalName":"Plates \u0026 Bowls","productCount":39,"seoToken":"plates-bowls","type":"CATALOG"},{"id":"8894607","level":3,"name":"Seasonal Decorations \u0026 Accessories","originalName":"Seasonal Decorations \u0026 Accessories","productCount":20,"seoToken":"seasonal-decorations-accessories","type":"CATALOG"},{"id":"12124","level":3,"name":"Sewing","originalName":"Sewing","productCount":33,"seoToken":"sewing","type":"CATALOG"},{"id":"12104","level":3,"name":"Tea Towels \u0026 Aprons","originalName":"Tea Towels \u0026 Aprons","productCount":6,"seoToken":"tea-towels-aprons","type":"CATALOG"},{"id":"25005","level":3,"name":"Textiles \u0026 Accessories","originalName":"Textiles \u0026 Accessories","productCount":2,"seoToken":"textiles-accessories","type":"CATALOG"},{"id":"12011","level":3,"name":"Water Filtration","originalName":"Water Filtration","productCount":11,"seoToken":"water-filtration","type":"CATALOG"}]},{"id":"12164","level":2,"name":"Kitchen","originalName":"Kitchen","productCount":484,"seoToken":"kitchen","type":"CATALOG","catalogGroupView":[{"id":"12119","level":3,"name":"Baking Tins \u0026 Trays","originalName":"Baking Tins \u0026 Trays","productCount":49,"seoToken":"baking-tins-trays","type":"CATALOG"},{"id":"12165","level":3,"name":"Foil, Baking Paper \u0026 Oven Bags","originalName":"Foil, Baking Paper \u0026 Oven Bags","productCount":24,"seoToken":"foil-baking-paper-oven-bags","type":"CATALOG"},{"id":"8898618","level":3,"name":"Food Tubs \u0026 Containers","originalName":"Food Tubs \u0026 Containers","productCount":153,"seoToken":"food-tubs-containers","type":"CATALOG"},{"id":"8898600","level":3,"name":"Kitchen Tidy \u0026 Garbage Bags","originalName":"Kitchen Tidy \u0026 Garbage Bags","productCount":51,"seoToken":"kitchen-tidy-garbage-bags","type":"CATALOG"},{"id":"8898601","level":3,"name":"Plastic Wraps \u0026 Bags","originalName":"Plastic Wraps \u0026 Bags","productCount":48,"seoToken":"plastic-wraps-bags","type":"CATALOG"},{"id":"12155","level":3,"name":"Pots \u0026 Saucepans","originalName":"Pots \u0026 Saucepans","productCount":29,"seoToken":"pots-saucepans","type":"CATALOG"},{"id":"8898617","level":3,"name":"Sandwich \u0026 Freezer Bags","originalName":"Sandwich \u0026 Freezer Bags","productCount":34,"seoToken":"sandwich-freezer-bags","type":"CATALOG"},{"id":"12123","level":3,"name":"Utensils \u0026 Gadgets","originalName":"Utensils \u0026 Gadgets","productCount":96,"seoToken":"utensils-gadgets","type":"CATALOG"}]},{"id":"13095","level":2,"name":"Laundry","originalName":"Laundry","productCount":390,"seoToken":"laundry","type":"CATALOG","catalogGroupView":[{"id":"12984","level":3,"name":"Fabric Softener","originalName":"Fabric Softener","productCount":54,"seoToken":"fabric-softener","type":"CATALOG"},{"id":"13037","level":3,"name":"Ironing Aids","originalName":"Ironing Aids","productCount":13,"seoToken":"ironing-aids","type":"CATALOG"},{"id":"13296","level":3,"name":"Laundry Accessories","originalName":"Laundry Accessories","productCount":37,"seoToken":"laundry-accessories","type":"CATALOG"},{"id":"12971","level":3,"name":"Laundry Liquid","originalName":"Laundry Liquid","productCount":108,"seoToken":"laundry-liquid","type":"CATALOG"},{"id":"13009","level":3,"name":"Laundry Powder","originalName":"Laundry Powder","productCount":32,"seoToken":"laundry-powder","type":"CATALOG"},{"id":"13096","level":3,"name":"Pegs, Baskets \u0026 Hangers","originalName":"Pegs, Baskets \u0026 Hangers","productCount":15,"seoToken":"pegs-baskets-hangers","type":"CATALOG"},{"id":"13065","level":3,"name":"Stain Removal \u0026 Pre-Wash","originalName":"Stain Removal \u0026 Pre-Wash","productCount":131,"seoToken":"stain-removal-pre-wash","type":"CATALOG"}]},{"id":"8898206","level":2,"name":"Mobile \u0026 Tech Accessories","originalName":"Mobile \u0026 Tech Accessories","productCount":41,"seoToken":"mobile-tech-accessories","type":"CATALOG","catalogGroupView":[{"id":"8898207","level":3,"name":"Phones","originalName":"Phones","productCount":41,"seoToken":"phones","type":"CATALOG"}]},{"id":"13835","level":2,"name":"Outdoors","originalName":"Outdoors","productCount":175,"seoToken":"outdoors","type":"CATALOG","catalogGroupView":[{"id":"12766","level":3,"name":"Automotive","originalName":"Automotive","productCount":10,"seoToken":"automotive","type":"CATALOG"},{"id":"13649","level":3,"name":"Bbq","originalName":"Bbq","productCount":104,"seoToken":"bbq","type":"CATALOG"},{"id":"13710","level":3,"name":"Camping \u0026 Fishing","originalName":"Camping \u0026 Fishing","productCount":31,"seoToken":"camping-fishing","type":"CATALOG"},{"id":"13836","level":3,"name":"Matches \u0026 Lighters","originalName":"Matches \u0026 Lighters","productCount":30,"seoToken":"matches-lighters","type":"CATALOG"}]},{"id":"13945","level":2,"name":"Party Supplies","originalName":"Party Supplies","productCount":157,"seoToken":"party-supplies","type":"CATALOG","catalogGroupView":[{"id":"13853","level":3,"name":"Candles","originalName":"Candles","productCount":39,"seoToken":"candles","type":"CATALOG"},{"id":"13939","level":3,"name":"Cups \u0026 Glasses","originalName":"Cups \u0026 Glasses","productCount":5,"seoToken":"cups-glasses","type":"CATALOG"},{"id":"13906","level":3,"name":"Decorations","originalName":"Decorations","productCount":43,"seoToken":"decorations","type":"CATALOG"},{"id":"13932","level":3,"name":"Disposable Plates \u0026 Bowls","originalName":"Disposable Plates \u0026 Bowls","productCount":12,"seoToken":"disposable-plates-bowls","type":"CATALOG"},{"id":"13869","level":3,"name":"Gift Wrap \u0026 Bags","originalName":"Gift Wrap \u0026 Bags","productCount":19,"seoToken":"gift-wrap-bags","type":"CATALOG"},{"id":"13925","level":3,"name":"Paper \u0026 Plastic Cutlery","originalName":"Paper \u0026 Plastic Cutlery","productCount":31,"seoToken":"paper-plastic-cutlery","type":"CATALOG"},{"id":"13946","level":3,"name":"Serviettes \u0026 Tablecloths","originalName":"Serviettes \u0026 Tablecloths","productCount":8,"seoToken":"serviettes-tablecloths","type":"CATALOG"}]},{"id":"13970","level":2,"name":"Pest Control","originalName":"Pest Control","productCount":124,"seoToken":"pest-control","type":"CATALOG","catalogGroupView":[{"id":"13971","level":3,"name":"Crawling Insects","originalName":"Crawling Insects","productCount":28,"seoToken":"crawling-insects","type":"CATALOG"},{"id":"13972","level":3,"name":"Flying Insects","originalName":"Flying Insects","productCount":44,"seoToken":"flying-insects","type":"CATALOG"},{"id":"13974","level":3,"name":"Garden Pests","originalName":"Garden Pests","productCount":27,"seoToken":"garden-pests","type":"CATALOG"},{"id":"13973","level":3,"name":"Mosquitos","originalName":"Mosquitos","productCount":16,"seoToken":"mosquitos","type":"CATALOG"},{"id":"13975","level":3,"name":"Rodents","originalName":"Rodents","productCount":9,"seoToken":"rodents","type":"CATALOG"}]},{"id":"8910800","level":2,"name":"Reusable Shopping Bags","originalName":"Reusable Shopping Bags","productCount":11,"seoToken":"reusable-shopping-bags","type":"CATALOG","catalogGroupView":[{"id":"8910801","level":3,"name":"Chiller Bags \u0026 Bags","originalName":"Chiller Bags \u0026 Bags","productCount":11,"seoToken":"chiller-bags-bags","type":"CATALOG"}]},{"id":"8902000","level":2,"name":"Sporting Essentials","originalName":"Sporting Essentials","productCount":26,"seoToken":"sporting-essentials","type":"CATALOG","catalogGroupView":[{"id":"8902001","level":3,"name":"Sports Goods \u0026 Accessories","originalName":"Sports Goods \u0026 Accessories","productCount":26,"seoToken":"sports-goods-accessories","type":"CATALOG"}]},{"id":"8887600","level":2,"name":"Stationery \u0026 Media","originalName":"Stationery \u0026 Media","productCount":273,"seoToken":"stationery-media","type":"CATALOG","catalogGroupView":[{"id":"8887602","level":3,"name":"Magazines","originalName":"Magazines","productCount":31,"seoToken":"magazines","type":"CATALOG"},{"id":"8887603","level":3,"name":"Media","originalName":"Media","productCount":54,"seoToken":"media","type":"CATALOG"},{"id":"8887604","level":3,"name":"Stationery","originalName":"Stationery","productCount":177,"seoToken":"stationery","type":"CATALOG"},{"id":"8887605","level":3,"name":"Toys \u0026 Game","originalName":"Toys \u0026 Game","productCount":11,"seoToken":"toys-game","type":"CATALOG"}]},{"id":"8891801","level":2,"name":"Toilet Paper, Tissues \u0026 Paper Towels","originalName":"Toilet Paper, Tissues \u0026 Paper Towels","productCount":71,"seoToken":"toilet-paper-tissues-paper-towels","type":"CATALOG","catalogGroupView":[{"id":"8891805","level":3,"name":"Facial Tissues","originalName":"Facial Tissues","productCount":33,"seoToken":"facial-tissues","type":"CATALOG"},{"id":"8898614","level":3,"name":"Paper Towel","originalName":"Paper Towel","productCount":14,"seoToken":"paper-towel","type":"CATALOG"},{"id":"8891810","level":3,"name":"Toilet Tissues","originalName":"Toilet Tissues","productCount":24,"seoToken":"toilet-tissues","type":"CATALOG"}]}]},{"id":"15083","level":1,"name":"Health \u0026 Beauty","originalName":"Health \u0026 Beauty","productCount":5287,"seoToken":"health-beauty","type":"CATALOG","catalogGroupView":[{"id":"8907419","level":2,"name":"Continence Care","originalName":"Continence Care","productCount":104,"seoToken":"continence-care","type":"CATALOG","catalogGroupView":[{"id":"8907806","level":3,"name":"Continence Pads","originalName":"Continence Pads","productCount":32,"seoToken":"continence-pads","type":"CATALOG"},{"id":"8907800","level":3,"name":"Female Washable Underwear","originalName":"Female Washable Underwear","productCount":9,"seoToken":"female-washable-underwear","type":"CATALOG"},{"id":"8907801","level":3,"name":"Liners","originalName":"Liners","productCount":19,"seoToken":"liners","type":"CATALOG"},{"id":"8907802","level":3,"name":"Male Pads","originalName":"Male Pads","productCount":7,"seoToken":"male-pads","type":"CATALOG"},{"id":"8907803","level":3,"name":"Male Pants","originalName":"Male Pants","productCount":6,"seoToken":"male-pants","type":"CATALOG"},{"id":"8907804","level":3,"name":"Male Washable Underwear","originalName":"Male Washable Underwear","productCount":5,"seoToken":"male-washable-underwear","type":"CATALOG"},{"id":"8908000","level":3,"name":"Mens Pouches \u0026 Shields","originalName":"Mens Pouches \u0026 Shields","productCount":4,"seoToken":"mens-pouches-shields","type":"CATALOG"},{"id":"8907807","level":3,"name":"Pants","originalName":"Pants","productCount":22,"seoToken":"pants","type":"CATALOG"}]},{"id":"14267","level":2,"name":"Cosmetics","originalName":"Cosmetics","productCount":597,"seoToken":"cosmetics","type":"CATALOG","catalogGroupView":[{"id":"14220","level":3,"name":"Blush","originalName":"Blush","productCount":14,"seoToken":"blush","type":"CATALOG"},{"id":"600141953","level":3,"name":"Brows","originalName":"Brows","productCount":106,"seoToken":"brows","type":"CATALOG"},{"id":"95867","level":3,"name":"Brushes and Tools","originalName":"Brushes and Tools","productCount":66,"seoToken":"brushes-and-tools","type":"CATALOG"},{"id":"8907400","level":3,"name":"Concealer \u0026 Foundation","originalName":"Concealer \u0026 Foundation","productCount":139,"seoToken":"concealer-foundation","type":"CATALOG"},{"id":"14231","level":3,"name":"Eye Liner, Eye Shadow \u0026 Mascara","originalName":"Eye Liner, Eye Shadow \u0026 Mascara","productCount":101,"seoToken":"eye-liner-eye-shadow-mascara","type":"CATALOG"},{"id":"600142161","level":3,"name":"Lashes","originalName":"Lashes","productCount":90,"seoToken":"lashes","type":"CATALOG"},{"id":"8907401","level":3,"name":"Lips","originalName":"Lips","productCount":53,"seoToken":"lips","type":"CATALOG"},{"id":"14268","level":3,"name":"Nails","originalName":"Nails","productCount":28,"seoToken":"nails","type":"CATALOG"}]},{"id":"14345","level":2,"name":"Dental Care","originalName":"Dental Care","productCount":515,"seoToken":"dental-care","type":"CATALOG","catalogGroupView":[{"id":"14292","level":3,"name":"Dental Floss \u0026 Tape","originalName":"Dental Floss \u0026 Tape","productCount":33,"seoToken":"dental-floss-tape","type":"CATALOG"},{"id":"601089270","level":3,"name":"Dental Whitening","originalName":"Dental Whitening","productCount":36,"seoToken":"dental-whitening","type":"CATALOG"},{"id":"14346","level":3,"name":"Denture Care","originalName":"Denture Care","productCount":11,"seoToken":"denture-care","type":"CATALOG"},{"id":"601089186","level":3,"name":"Electric Toothbushes and Refills","originalName":"Electric Toothbushes and Refills","productCount":16,"seoToken":"electric-toothbushes-and-refills","type":"CATALOG"},{"id":"601089040","level":3,"name":"Kids Dental","originalName":"Kids Dental","productCount":54,"seoToken":"kids-dental","type":"CATALOG"},{"id":"14333","level":3,"name":"Mouthwash","originalName":"Mouthwash","productCount":39,"seoToken":"mouthwash","type":"CATALOG"},{"id":"601089297","level":3,"name":"Sensitive Toothpaste","originalName":"Sensitive Toothpaste","productCount":34,"seoToken":"sensitive-toothpaste","type":"CATALOG"},{"id":"14320","level":3,"name":"Toothbrushes","originalName":"Toothbrushes","productCount":146,"seoToken":"toothbrushes","type":"CATALOG"},{"id":"14279","level":3,"name":"Toothpaste","originalName":"Toothpaste","productCount":146,"seoToken":"toothpaste","type":"CATALOG"}]},{"id":"8907402","level":2,"name":"First Aid \u0026 Medicinal","originalName":"First Aid \u0026 Medicinal","productCount":495,"seoToken":"first-aid-medicinal","type":"CATALOG","catalogGroupView":[{"id":"8907403","level":3,"name":"Antacid \u0026 Indigestion","originalName":"Antacid \u0026 Indigestion","productCount":70,"seoToken":"antacid-indigestion","type":"CATALOG"},{"id":"8907404","level":3,"name":"Antiseptic","originalName":"Antiseptic","productCount":18,"seoToken":"antiseptic","type":"CATALOG"},{"id":"8907405","level":3,"name":"Bandages \u0026 Strapping","originalName":"Bandages \u0026 Strapping","productCount":59,"seoToken":"bandages-strapping","type":"CATALOG"},{"id":"8907406","level":3,"name":"Bandaids","originalName":"Bandaids","productCount":6,"seoToken":"bandaids","type":"CATALOG"},{"id":"8907407","level":3,"name":"Cold, Flu and Allergy","originalName":"Cold, Flu And Allergy","productCount":110,"seoToken":"cold-flu-and-allergy","type":"CATALOG"},{"id":"8907410","level":3,"name":"Cotton Wool \u0026 Cotton Buds","originalName":"Cotton Wool \u0026 Cotton Buds","productCount":6,"seoToken":"cotton-wool-cotton-buds","type":"CATALOG"},{"id":"8907409","level":3,"name":"Eye \u0026 Ear Care","originalName":"Eye \u0026 Ear Care","productCount":17,"seoToken":"eye-ear-care","type":"CATALOG"},{"id":"8907413","level":3,"name":"Masks \u0026 Tests","originalName":"Masks \u0026 Tests","productCount":1,"seoToken":"masks-tests","type":"CATALOG"},{"id":"8907411","level":3,"name":"Medicinal Oils \u0026 Ointments","originalName":"Medicinal Oils \u0026 Ointments","productCount":40,"seoToken":"medicinal-oils-ointments","type":"CATALOG"},{"id":"8907601","level":3,"name":"Other First Aid \u0026 Medicinal","originalName":"Other First Aid \u0026 Medicinal","productCount":47,"seoToken":"other-first-aid-medicinal","type":"CATALOG"},{"id":"8907414","level":3,"name":"Pain Relief","originalName":"Pain Relief","productCount":88,"seoToken":"pain-relief","type":"CATALOG"},{"id":"8907415","level":3,"name":"Quit Smoking","originalName":"Quit Smoking","productCount":33,"seoToken":"quit-smoking","type":"CATALOG"}]},{"id":"14459","level":2,"name":"Hair Care","originalName":"Hair Care","productCount":1094,"seoToken":"hair-care","type":"CATALOG","catalogGroupView":[{"id":"14447","level":3,"name":"Colouring","originalName":"Colouring","productCount":207,"seoToken":"colouring","type":"CATALOG"},{"id":"14413","level":3,"name":"Gel, Mousse \u0026 Styling","originalName":"Gel, Mousse \u0026 Styling","productCount":149,"seoToken":"gel-mousse-styling","type":"CATALOG"},{"id":"8907416","level":3,"name":"Hair Brushes, Combs \u0026 Accessories","originalName":"Hair Brushes, Combs \u0026 Accessories","productCount":136,"seoToken":"hair-brushes-combs-accessories","type":"CATALOG"},{"id":"8907417","level":3,"name":"Shampoo \u0026 Conditioner","originalName":"Shampoo \u0026 Conditioner","productCount":494,"seoToken":"shampoo-conditioner","type":"CATALOG"},{"id":"8907418","level":3,"name":"Treatments","originalName":"Treatments","productCount":108,"seoToken":"treatments","type":"CATALOG"}]},{"id":"8892806","level":2,"name":"Period Care","originalName":"Period Care","productCount":193,"seoToken":"period-care","type":"CATALOG","catalogGroupView":[{"id":"8892812","level":3,"name":"Accessories","originalName":"Accessories","productCount":12,"seoToken":"accessories","type":"CATALOG"},{"id":"8892808","level":3,"name":"Liners","originalName":"Liners","productCount":26,"seoToken":"liners","type":"CATALOG"},{"id":"8892809","level":3,"name":"Pads","originalName":"Pads","productCount":64,"seoToken":"pads","type":"CATALOG"},{"id":"8892807","level":3,"name":"Reusables","originalName":"Reusables","productCount":63,"seoToken":"reusables","type":"CATALOG"},{"id":"8892810","level":3,"name":"Tampons","originalName":"Tampons","productCount":28,"seoToken":"tampons","type":"CATALOG"}]},{"id":"14214","level":2,"name":"Personal Care","originalName":"Personal Care","productCount":332,"seoToken":"personal-care","type":"CATALOG","catalogGroupView":[{"id":"26341","level":3,"name":"Deodorants","originalName":"Deodorants","productCount":232,"seoToken":"deodorants","type":"CATALOG"},{"id":"14150","level":3,"name":"Footcare","originalName":"Footcare","productCount":12,"seoToken":"footcare","type":"CATALOG"},{"id":"14196","level":3,"name":"Pregnancy Tests","originalName":"Pregnancy Tests","productCount":15,"seoToken":"pregnancy-tests","type":"CATALOG"},{"id":"14192","level":3,"name":"Sexual Health","originalName":"Sexual Health","productCount":73,"seoToken":"sexual-health","type":"CATALOG"}]},{"id":"15084","level":2,"name":"Shaving \u0026 Hair Removal","originalName":"Shaving \u0026 Hair Removal","productCount":275,"seoToken":"shaving-hair-removal","type":"CATALOG","catalogGroupView":[{"id":"15086","level":3,"name":"After Shave Care","originalName":"After Shave Care","productCount":38,"seoToken":"after-shave-care","type":"CATALOG"},{"id":"15068","level":3,"name":"Razors \u0026 Blades","originalName":"Razors \u0026 Blades","productCount":167,"seoToken":"razors-blades","type":"CATALOG"},{"id":"15075","level":3,"name":"Shave Gel \u0026 Foam","originalName":"Shave Gel \u0026 Foam","productCount":27,"seoToken":"shave-gel-foam","type":"CATALOG"},{"id":"15082","level":3,"name":"Wax, Cream \u0026 Bleach","originalName":"Wax, Cream \u0026 Bleach","productCount":43,"seoToken":"wax-cream-bleach","type":"CATALOG"}]},{"id":"14598","level":2,"name":"Shower \u0026 Bath Care","originalName":"Shower \u0026 Bath Care","productCount":346,"seoToken":"shower-bath-care","type":"CATALOG","catalogGroupView":[{"id":"14600","level":3,"name":"Bath Accessories","originalName":"Bath Accessories","productCount":7,"seoToken":"bath-accessories","type":"CATALOG"},{"id":"51248","level":3,"name":"Body Lotion","originalName":"Body Lotion","productCount":41,"seoToken":"body-lotion","type":"CATALOG"},{"id":"14596","level":3,"name":"Body Wash","originalName":"Body Wash","productCount":115,"seoToken":"body-wash","type":"CATALOG"},{"id":"14546","level":3,"name":"Bubble Bath \u0026 Salts","originalName":"Bubble Bath \u0026 Salts","productCount":7,"seoToken":"bubble-bath-salts","type":"CATALOG"},{"id":"8907423","level":3,"name":"Hand Santiser","originalName":"Hand Santiser","productCount":11,"seoToken":"hand-santiser","type":"CATALOG"},{"id":"14568","level":3,"name":"Soap \u0026 Hand Wash","originalName":"Soap \u0026 Hand Wash","productCount":165,"seoToken":"soap-hand-wash","type":"CATALOG"}]},{"id":"14533","level":2,"name":"Skin Care","originalName":"Skin Care","productCount":482,"seoToken":"skin-care","type":"CATALOG","catalogGroupView":[{"id":"14501","level":3,"name":"Body Moisturiser","originalName":"Body Moisturiser","productCount":75,"seoToken":"body-moisturiser","type":"CATALOG"},{"id":"14527","level":3,"name":"Cleansers \u0026 Skincare Wipes","originalName":"Cleansers \u0026 Skincare Wipes","productCount":96,"seoToken":"cleansers-skincare-wipes","type":"CATALOG"},{"id":"14494","level":3,"name":"Face Moisturiser","originalName":"Face Moisturiser","productCount":209,"seoToken":"face-moisturiser","type":"CATALOG"},{"id":"14505","level":3,"name":"Hand Moisturiser","originalName":"Hand Moisturiser","productCount":17,"seoToken":"hand-moisturiser","type":"CATALOG"},{"id":"14531","level":3,"name":"Lip Care","originalName":"Lip Care","productCount":36,"seoToken":"lip-care","type":"CATALOG"},{"id":"14487","level":3,"name":"Self-Tanning","originalName":"Self-Tanning","productCount":49,"seoToken":"self-tanning","type":"CATALOG"}]},{"id":"8907420","level":2,"name":"Sun Protection","originalName":"Sun Protection","productCount":176,"seoToken":"sun-protection","type":"CATALOG","catalogGroupView":[{"id":"8907422","level":3,"name":"After Sun","originalName":"After Sun","productCount":52,"seoToken":"after-sun","type":"CATALOG"},{"id":"8907421","level":3,"name":"Sun Care","originalName":"Sun Care","productCount":124,"seoToken":"sun-care","type":"CATALOG"}]},{"id":"8907426","level":2,"name":"Travel Packs and Minis","originalName":"Travel Packs And Minis","productCount":82,"seoToken":"travel-packs-and-minis","type":"CATALOG","catalogGroupView":[{"id":"8907427","level":3,"name":"Travel Packs and Accessories","originalName":"Travel Packs And Accessories","productCount":82,"seoToken":"travel-packs-and-accessories","type":"CATALOG"}]},{"id":"8907425","level":2,"name":"Vitamins \u0026 Supplements","originalName":"Vitamins \u0026 Supplements","productCount":596,"seoToken":"vitamins-supplements","type":"CATALOG","catalogGroupView":[{"id":"8907428","level":3,"name":"Bone and Joint Health","originalName":"Bone And Joint Health","productCount":74,"seoToken":"bone-and-joint-health","type":"CATALOG"},{"id":"8907429","level":3,"name":"Brain, Eye and Heart Health","originalName":"Brain, Eye And Heart Health","productCount":31,"seoToken":"brain-eye-and-heart-health","type":"CATALOG"},{"id":"8907431","level":3,"name":"Detox and Digestive Health","originalName":"Detox And Digestive Health","productCount":55,"seoToken":"detox-and-digestive-health","type":"CATALOG"},{"id":"8907432","level":3,"name":"Energy Support","originalName":"Energy Support","productCount":48,"seoToken":"energy-support","type":"CATALOG"},{"id":"8907433","level":3,"name":"Essential Oils and Aroma Therapy","originalName":"Essential Oils And Aroma Therapy","productCount":4,"seoToken":"essential-oils-and-aroma-therapy","type":"CATALOG"},{"id":"8907434","level":3,"name":"Family Planning","originalName":"Family Planning","productCount":5,"seoToken":"family-planning","type":"CATALOG"},{"id":"8907435","level":3,"name":"Fish Oil","originalName":"Fish Oil","productCount":15,"seoToken":"fish-oil","type":"CATALOG"},{"id":"8907436","level":3,"name":"Hair, Skin \u0026 Nails","originalName":"Hair, Skin \u0026 Nails","productCount":24,"seoToken":"hair-skin-nails","type":"CATALOG"},{"id":"8907437","level":3,"name":"Immune Support","originalName":"Immune Support","productCount":52,"seoToken":"immune-support","type":"CATALOG"},{"id":"8907442","level":3,"name":"Iron","originalName":"Iron","productCount":14,"seoToken":"iron","type":"CATALOG"},{"id":"8907438","level":3,"name":"Kid'S Health","originalName":"Kid'S Health","productCount":40,"seoToken":"kids-health","type":"CATALOG"},{"id":"8907443","level":3,"name":"Mens and Womens Multi Vitamins","originalName":"Mens And Womens Multi Vitamins","productCount":86,"seoToken":"mens-and-womens-multi-vitamins","type":"CATALOG"},{"id":"8907600","level":3,"name":"Other Vitamins","originalName":"Other Vitamins","productCount":59,"seoToken":"other-vitamins","type":"CATALOG"},{"id":"8907444","level":3,"name":"Sleep Support","originalName":"Sleep Support","productCount":30,"seoToken":"sleep-support","type":"CATALOG"},{"id":"8907445","level":3,"name":"Supplements and Superfoods","originalName":"Supplements And Superfoods","productCount":59,"seoToken":"supplements-and-superfoods","type":"CATALOG"}]}]},{"id":"15603","level":1,"name":"Baby","originalName":"Baby","productCount":659,"seoToken":"baby","type":"CATALOG","catalogGroupView":[{"id":"8904002","level":2,"name":"Nappies \u0026 Nappy Pants","originalName":"Nappies \u0026 Nappy Pants","productCount":132,"seoToken":"nappies-nappy-pants","type":"CATALOG","catalogGroupView":[{"id":"8904009","level":3,"name":"Bed Mats","originalName":"Bed Mats","productCount":1,"seoToken":"bed-mats","type":"CATALOG"},{"id":"8904011","level":3,"name":"Eco Friendly Nappies","originalName":"Eco Friendly Nappies","productCount":11,"seoToken":"eco-friendly-nappies","type":"CATALOG"},{"id":"8904012","level":3,"name":"Nappies","originalName":"Nappies","productCount":57,"seoToken":"nappies","type":"CATALOG"},{"id":"8904013","level":3,"name":"Nappy Pants","originalName":"Nappy Pants","productCount":42,"seoToken":"nappy-pants","type":"CATALOG"},{"id":"8904014","level":3,"name":"Night Pants","originalName":"Night Pants","productCount":13,"seoToken":"night-pants","type":"CATALOG"},{"id":"8904015","level":3,"name":"Reusable Nappies","originalName":"Reusable Nappies","productCount":2,"seoToken":"reusable-nappies","type":"CATALOG"},{"id":"8904016","level":3,"name":"Swimmers","originalName":"Swimmers","productCount":6,"seoToken":"swimmers","type":"CATALOG"}]},{"id":"8904203","level":2,"name":"Baby Wipes","originalName":"Baby Wipes","productCount":40,"seoToken":"baby-wipes","type":"CATALOG","catalogGroupView":[{"id":"8904214","level":3,"name":"Extra Large Pack","originalName":"Extra Large Pack","productCount":5,"seoToken":"extra-large-pack","type":"CATALOG"},{"id":"8904213","level":3,"name":"Large Pack","originalName":"Large Pack","productCount":11,"seoToken":"large-pack","type":"CATALOG"},{"id":"8904212","level":3,"name":"Medium Pack","originalName":"Medium Pack","productCount":17,"seoToken":"medium-pack","type":"CATALOG"},{"id":"8904401","level":3,"name":"Refill Pack","originalName":"Refill Pack","productCount":3,"seoToken":"refill-pack","type":"CATALOG"},{"id":"8904211","level":3,"name":"Small Pack","originalName":"Small Pack","productCount":3,"seoToken":"small-pack","type":"CATALOG"},{"id":"8904400","level":3,"name":"Travel Pack","originalName":"Travel Pack","productCount":1,"seoToken":"travel-pack","type":"CATALOG"}]},{"id":"8904001","level":2,"name":"Baby Formula","originalName":"Baby Formula","productCount":84,"seoToken":"baby-formula","type":"CATALOG","catalogGroupView":[{"id":"8904004","level":3,"name":"A2 Formula","originalName":"A2 Formula","productCount":8,"seoToken":"a2-formula","type":"CATALOG"},{"id":"8904005","level":3,"name":"Cow Formula","originalName":"Cow Formula","productCount":42,"seoToken":"cow-formula","type":"CATALOG"},{"id":"8904006","level":3,"name":"Goat Formula","originalName":"Goat Formula","productCount":11,"seoToken":"goat-formula","type":"CATALOG"},{"id":"8904007","level":3,"name":"Organic Formula","originalName":"Organic Formula","productCount":7,"seoToken":"organic-formula","type":"CATALOG"},{"id":"8904008","level":3,"name":"Specialty Formula","originalName":"Specialty Formula","productCount":16,"seoToken":"specialty-formula","type":"CATALOG"}]},{"id":"8904208","level":2,"name":"Baby Feeding","originalName":"Baby Feeding","productCount":6,"seoToken":"baby-feeding","type":"CATALOG","catalogGroupView":[{"id":"8904237","level":3,"name":"Nursing Care","originalName":"Nursing Care","productCount":6,"seoToken":"nursing-care","type":"CATALOG"}]},{"id":"8904206","level":2,"name":"Baby Accessories","originalName":"Baby Accessories","productCount":15,"seoToken":"baby-accessories","type":"CATALOG","catalogGroupView":[{"id":"8904224","level":3,"name":"Baby Grooming \u0026 Oral Care","originalName":"Baby Grooming \u0026 Oral Care","productCount":2,"seoToken":"baby-grooming-oral-care","type":"CATALOG"},{"id":"8904229","level":3,"name":"Baby Health \u0026 Safety","originalName":"Baby Health \u0026 Safety","productCount":7,"seoToken":"baby-health-safety","type":"CATALOG"},{"id":"8904225","level":3,"name":"Nappy Change Accessories","originalName":"Nappy Change Accessories","productCount":6,"seoToken":"nappy-change-accessories","type":"CATALOG"}]},{"id":"8904003","level":2,"name":"Baby \u0026 Toddler Food","originalName":"Baby \u0026 Toddler Food","productCount":224,"seoToken":"baby-toddler-food","type":"CATALOG","catalogGroupView":[{"id":"8904018","level":3,"name":"Baby \u0026 Toddler Snacks","originalName":"Baby \u0026 Toddler Snacks","productCount":89,"seoToken":"baby-toddler-snacks","type":"CATALOG"},{"id":"8904021","level":3,"name":"Baby Cereals","originalName":"Baby Cereals","productCount":6,"seoToken":"baby-cereals","type":"CATALOG"},{"id":"8904019","level":3,"name":"Baby Food Jars","originalName":"Baby Food Jars","productCount":4,"seoToken":"baby-food-jars","type":"CATALOG"},{"id":"8904017","level":3,"name":"Baby Food Pouches","originalName":"Baby Food Pouches","productCount":118,"seoToken":"baby-food-pouches","type":"CATALOG"},{"id":"8904023","level":3,"name":"Baby Pasta","originalName":"Baby Pasta","productCount":3,"seoToken":"baby-pasta","type":"CATALOG"},{"id":"8904022","level":3,"name":"Baby Rusks","originalName":"Baby Rusks","productCount":4,"seoToken":"baby-rusks","type":"CATALOG"}]},{"id":"8904209","level":2,"name":"Baby Meal Time","originalName":"Baby Meal Time","productCount":6,"seoToken":"baby-meal-time","type":"CATALOG","catalogGroupView":[{"id":"8904238","level":3,"name":"Baby Plates \u0026 Bowls","originalName":"Baby Plates \u0026 Bowls","productCount":6,"seoToken":"baby-plates-bowls","type":"CATALOG"}]},{"id":"8904207","level":2,"name":"Bottles \u0026 Feeding","originalName":"Bottles \u0026 Feeding","productCount":30,"seoToken":"bottles-feeding","type":"CATALOG","catalogGroupView":[{"id":"8904233","level":3,"name":"Baby Bottles","originalName":"Baby Bottles","productCount":8,"seoToken":"baby-bottles","type":"CATALOG"},{"id":"8904234","level":3,"name":"Baby Cups","originalName":"Baby Cups","productCount":10,"seoToken":"baby-cups","type":"CATALOG"},{"id":"8904235","level":3,"name":"Baby Teats","originalName":"Baby Teats","productCount":3,"seoToken":"baby-teats","type":"CATALOG"},{"id":"8904232","level":3,"name":"Bottle Accessories","originalName":"Bottle Accessories","productCount":5,"seoToken":"bottle-accessories","type":"CATALOG"},{"id":"8904236","level":3,"name":"Bottle Cleaning","originalName":"Bottle Cleaning","productCount":2,"seoToken":"bottle-cleaning","type":"CATALOG"},{"id":"8904231","level":3,"name":"Bottle Feeding","originalName":"Bottle Feeding","productCount":2,"seoToken":"bottle-feeding","type":"CATALOG"}]},{"id":"8904204","level":2,"name":"Bath \u0026 Skincare","originalName":"Bath \u0026 Skincare","productCount":84,"seoToken":"bath-skincare","type":"CATALOG","catalogGroupView":[{"id":"8904215","level":3,"name":"Baby Bath","originalName":"Baby Bath","productCount":10,"seoToken":"baby-bath","type":"CATALOG"},{"id":"8904216","level":3,"name":"Baby Cotton Buds","originalName":"Baby Cotton Buds","productCount":4,"seoToken":"baby-cotton-buds","type":"CATALOG"},{"id":"8904218","level":3,"name":"Baby Hair \u0026 Body Wash","originalName":"Baby Hair \u0026 Body Wash","productCount":20,"seoToken":"baby-hair-body-wash","type":"CATALOG"},{"id":"8904217","level":3,"name":"Baby Hair Care","originalName":"Baby Hair Care","productCount":3,"seoToken":"baby-hair-care","type":"CATALOG"},{"id":"8904223","level":3,"name":"Baby Medicinal","originalName":"Baby Medicinal","productCount":15,"seoToken":"baby-medicinal","type":"CATALOG"},{"id":"8904222","level":3,"name":"Baby Moisturiser","originalName":"Baby Moisturiser","productCount":15,"seoToken":"baby-moisturiser","type":"CATALOG"},{"id":"8904221","level":3,"name":"Baby Oil","originalName":"Baby Oil","productCount":5,"seoToken":"baby-oil","type":"CATALOG"},{"id":"8904220","level":3,"name":"Baby Powder","originalName":"Baby Powder","productCount":6,"seoToken":"baby-powder","type":"CATALOG"},{"id":"8904219","level":3,"name":"Nappy Rash Treatment","originalName":"Nappy Rash Treatment","productCount":6,"seoToken":"nappy-rash-treatment","type":"CATALOG"}]},{"id":"8904210","level":2,"name":"Dummies \u0026 Teething","originalName":"Dummies \u0026 Teething","productCount":18,"seoToken":"dummies-teething","type":"CATALOG","catalogGroupView":[{"id":"8904239","level":3,"name":"Soothers \u0026 Teethers","originalName":"Soothers \u0026 Teethers","productCount":18,"seoToken":"soothers-teethers","type":"CATALOG"}]},{"id":"8904402","level":2,"name":"Baby Clothing","originalName":"Baby Clothing","productCount":3,"seoToken":"baby-clothing","type":"CATALOG","catalogGroupView":[{"id":"8904406","level":3,"name":"Baby Bibs","originalName":"Baby Bibs","productCount":3,"seoToken":"baby-bibs","type":"CATALOG"}]},{"id":"551677541","level":2,"name":"Postpartum Care","originalName":"Postpartum Care","productCount":17,"seoToken":"postpartum-care","type":"CATALOG","catalogGroupView":[{"id":"551677570","level":3,"name":"Postpartum Underwear","originalName":"Postpartum Underwear","productCount":17,"seoToken":"postpartum-underwear","type":"CATALOG"}]}]},{"id":"16427","level":1,"name":"Pet","originalName":"Pet","productCount":1022,"seoToken":"pet","type":"CATALOG","catalogGroupView":[{"id":"79211","level":2,"name":"Birds","originalName":"Birds","productCount":51,"seoToken":"birds","type":"CATALOG","catalogGroupView":[{"id":"66778","level":3,"name":"Bird Food","originalName":"Bird Food","productCount":36,"seoToken":"bird-food","type":"CATALOG"},{"id":"69332","level":3,"name":"Bird Treats","originalName":"Bird Treats","productCount":15,"seoToken":"bird-treats","type":"CATALOG"}]},{"id":"74581","level":2,"name":"Cat \u0026 Kitten","originalName":"Cat \u0026 Kitten","productCount":386,"seoToken":"cat-kitten","type":"CATALOG","catalogGroupView":[{"id":"69553","level":3,"name":"Cat Accessories, Grooming \u0026 Toys","originalName":"Cat Accessories, Grooming \u0026 Toys","productCount":12,"seoToken":"cat-accessories-grooming-toys","type":"CATALOG"},{"id":"68736","level":3,"name":"Cat Flea \u0026 Worming","originalName":"Cat Flea \u0026 Worming","productCount":6,"seoToken":"cat-flea-worming","type":"CATALOG"},{"id":"69522","level":3,"name":"Cat Litter","originalName":"Cat Litter","productCount":18,"seoToken":"cat-litter","type":"CATALOG"},{"id":"67889","level":3,"name":"Cat Treats \u0026 Milk","originalName":"Cat Treats \u0026 Milk","productCount":35,"seoToken":"cat-treats-milk","type":"CATALOG"},{"id":"69777","level":3,"name":"Chilled Cat Food","originalName":"Chilled Cat Food","productCount":9,"seoToken":"chilled-cat-food","type":"CATALOG"},{"id":"68746","level":3,"name":"Dry Cat Food","originalName":"Dry Cat Food","productCount":80,"seoToken":"dry-cat-food","type":"CATALOG"},{"id":"8888800","level":3,"name":"Kitten Food, Treats \u0026 Milk","originalName":"Kitten Food, Treats \u0026 Milk","productCount":23,"seoToken":"kitten-food-treats-milk","type":"CATALOG"},{"id":"68523","level":3,"name":"Trays \u0026 Cans Cat Food","originalName":"Trays \u0026 Cans Cat Food","productCount":203,"seoToken":"trays-cans-cat-food","type":"CATALOG"}]},{"id":"78415","level":2,"name":"Dog \u0026 Puppy","originalName":"Dog \u0026 Puppy","productCount":533,"seoToken":"dog-puppy","type":"CATALOG","catalogGroupView":[{"id":"69444","level":3,"name":"Chilled Dog Food","originalName":"Chilled Dog Food","productCount":42,"seoToken":"chilled-dog-food","type":"CATALOG"},{"id":"66681","level":3,"name":"Dog Accessories, Grooming \u0026 Toys","originalName":"Dog Accessories, Grooming \u0026 Toys","productCount":62,"seoToken":"dog-accessories-grooming-toys","type":"CATALOG"},{"id":"68666","level":3,"name":"Dog Flea \u0026 Worming","originalName":"Dog Flea \u0026 Worming","productCount":12,"seoToken":"dog-flea-worming","type":"CATALOG"},{"id":"66328","level":3,"name":"Dog Treats \u0026 Milk","originalName":"Dog Treats \u0026 Milk","productCount":169,"seoToken":"dog-treats-milk","type":"CATALOG"},{"id":"69116","level":3,"name":"Dry Dog Food","originalName":"Dry Dog Food","productCount":81,"seoToken":"dry-dog-food","type":"CATALOG"},{"id":"8888801","level":3,"name":"Puppy Food, Treats \u0026 Milk","originalName":"Puppy Food, Treats \u0026 Milk","productCount":24,"seoToken":"puppy-food-treats-milk","type":"CATALOG"},{"id":"66369","level":3,"name":"Trays \u0026 Cans Dog Food","originalName":"Trays \u0026 Cans Dog Food","productCount":143,"seoToken":"trays-cans-dog-food","type":"CATALOG"}]},{"id":"71122","level":2,"name":"Fish Food \u0026 Accessories","originalName":"Fish Food \u0026 Accessories","productCount":7,"seoToken":"fish-food-accessories","type":"CATALOG","catalogGroupView":[{"id":"62899","level":3,"name":"Fish Food","originalName":"Fish Food","productCount":7,"seoToken":"fish-food","type":"CATALOG"}]},{"id":"8900201","level":2,"name":"Pet Scoop \u0026 Weigh","originalName":"Pet Scoop \u0026 Weigh","productCount":37,"seoToken":"pet-scoop-weigh","type":"CATALOG","catalogGroupView":[{"id":"8900202","level":3,"name":"Scoop \u0026 Weigh Treats","originalName":"Scoop \u0026 Weigh Treats","productCount":37,"seoToken":"scoop-weigh-treats","type":"CATALOG"}]},{"id":"70036","level":2,"name":"Small Pets","originalName":"Small Pets","productCount":8,"seoToken":"small-pets","type":"CATALOG","catalogGroupView":[{"id":"69742","level":3,"name":"Small Pets Food","originalName":"Small Pets Food","productCount":8,"seoToken":"small-pets-food","type":"CATALOG"}]}]},{"id":"85946","level":1,"name":"Liquor","originalName":"Liquor","productCount":3165,"seoToken":"liquor","type":"CATALOG","catalogGroupView":[{"id":"89715","level":2,"name":"Beer","originalName":"Beer","productCount":696,"seoToken":"beer","type":"CATALOG","catalogGroupView":[{"id":"89740","level":3,"name":"All Beer","originalName":"All beer","productCount":81,"seoToken":"all-beer","type":"CATALOG"},{"id":"8905803","level":3,"name":"Australian Beer","originalName":"Australian Beer","productCount":135,"seoToken":"australian-beer","type":"CATALOG"},{"id":"89744","level":3,"name":"Ciders","originalName":"Ciders","productCount":40,"seoToken":"ciders","type":"CATALOG"},{"id":"8898632","level":3,"name":"Craft Beer","originalName":"Craft Beer","productCount":253,"seoToken":"craft-beer","type":"CATALOG"},{"id":"8898631","level":3,"name":"Full-Strength","originalName":"Full-Strength","productCount":113,"seoToken":"full-strength","type":"CATALOG"},{"id":"8898630","level":3,"name":"Imported","originalName":"Imported","productCount":49,"seoToken":"imported","type":"CATALOG"},{"id":"8898629","level":3,"name":"Low \u0026 No Alcohol","originalName":"Low \u0026 No Alcohol","productCount":4,"seoToken":"low-no-alcohol","type":"CATALOG"},{"id":"8898628","level":3,"name":"Mid-Strength","originalName":"Mid-Strength","productCount":21,"seoToken":"mid-strength","type":"CATALOG"}]},{"id":"8905602","level":2,"name":"Cask \u0026 Fortified Wine","originalName":"Cask \u0026 Fortified Wine","productCount":80,"seoToken":"cask-fortified-wine","type":"CATALOG","catalogGroupView":[{"id":"8905607","level":3,"name":"Cask Red Wine","originalName":"Cask Red Wine","productCount":19,"seoToken":"cask-red-wine","type":"CATALOG"},{"id":"8905608","level":3,"name":"Cask White Wine","originalName":"Cask White Wine","productCount":24,"seoToken":"cask-white-wine","type":"CATALOG"},{"id":"8905609","level":3,"name":"Muscat, Port \u0026 Sherry","originalName":"Muscat, Port \u0026 Sherry","productCount":37,"seoToken":"muscat-port-sherry","type":"CATALOG"}]},{"id":"8898625","level":2,"name":"Champagne \u0026 Sparkling","originalName":"Champagne \u0026 Sparkling","productCount":217,"seoToken":"champagne-sparkling","type":"CATALOG","catalogGroupView":[{"id":"8898627","level":3,"name":"Champagne","originalName":"Champagne","productCount":25,"seoToken":"champagne","type":"CATALOG"},{"id":"8899800","level":3,"name":"Prosecco","originalName":"Prosecco","productCount":86,"seoToken":"prosecco","type":"CATALOG"},{"id":"8898626","level":3,"name":"Sparkling","originalName":"Sparkling","productCount":106,"seoToken":"sparkling","type":"CATALOG"}]},{"id":"8905600","level":2,"name":"Cider","originalName":"Cider","productCount":108,"seoToken":"cider","type":"CATALOG","catalogGroupView":[{"id":"8905801","level":3,"name":"Apple Cider","originalName":"Apple Cider","productCount":63,"seoToken":"apple-cider","type":"CATALOG"},{"id":"8905603","level":3,"name":"Other Flavoured Cider Varieties","originalName":"Other Flavoured Cider Varieties","productCount":19,"seoToken":"other-flavoured-cider-varieties","type":"CATALOG"},{"id":"8905604","level":3,"name":"Pear Cider","originalName":"Pear Cider","productCount":26,"seoToken":"pear-cider","type":"CATALOG"}]},{"id":"87941","level":2,"name":"Premixed Drinks","originalName":"Premixed Drinks","productCount":596,"seoToken":"premixed-drinks","type":"CATALOG","catalogGroupView":[{"id":"8898635","level":3,"name":"Bourbon Premix","originalName":"Bourbon Premix","productCount":148,"seoToken":"bourbon-premix","type":"CATALOG"},{"id":"8899806","level":3,"name":"Gin Premix","originalName":"Gin Premix","productCount":105,"seoToken":"gin-premix","type":"CATALOG"},{"id":"8898638","level":3,"name":"Other Premix Varieties","originalName":"Other Premix Varieties","productCount":102,"seoToken":"other-premix-varieties","type":"CATALOG"},{"id":"8898639","level":3,"name":"Rum Premix","originalName":"Rum Premix","productCount":17,"seoToken":"rum-premix","type":"CATALOG"},{"id":"8905610","level":3,"name":"Seltzers","originalName":"Seltzers","productCount":49,"seoToken":"seltzers","type":"CATALOG"},{"id":"8898640","level":3,"name":"Vodka Premix","originalName":"Vodka Premix","productCount":116,"seoToken":"vodka-premix","type":"CATALOG"},{"id":"8905804","level":3,"name":"Whisky Premix","originalName":"Whisky Premix","productCount":59,"seoToken":"whisky-premix","type":"CATALOG"}]},{"id":"87938","level":2,"name":"Red Wine","originalName":"Red Wine","productCount":557,"seoToken":"red-wine","type":"CATALOG","catalogGroupView":[{"id":"89745","level":3,"name":"All Red Wines","originalName":"All red wines","productCount":137,"seoToken":"all-red-wines","type":"CATALOG"},{"id":"89748","level":3,"name":"Cabernet Sauvignon \u0026 Blends","originalName":"Cabernet Sauvignon \u0026 Blends","productCount":51,"seoToken":"cabernet-sauvignon-blends","type":"CATALOG"},{"id":"89746","level":3,"name":"Cask Red Wine","originalName":"Cask Red Wine","productCount":22,"seoToken":"cask-red-wine","type":"CATALOG"},{"id":"89747","level":3,"name":"Fortified Wines","originalName":"Fortified Wines","productCount":22,"seoToken":"fortified-wines","type":"CATALOG"},{"id":"8906001","level":3,"name":"Grenache","originalName":"Grenache","productCount":16,"seoToken":"grenache","type":"CATALOG"},{"id":"89749","level":3,"name":"Merlot","originalName":"Merlot","productCount":12,"seoToken":"merlot","type":"CATALOG"},{"id":"89753","level":3,"name":"Other Red Wine Varieties","originalName":"Other Red Wine Varieties","productCount":74,"seoToken":"other-red-wine-varieties","type":"CATALOG"},{"id":"89750","level":3,"name":"Pinot Noir","originalName":"Pinot Noir","productCount":84,"seoToken":"pinot-noir","type":"CATALOG"},{"id":"8906002","level":3,"name":"Red Blends","originalName":"Red Blends","productCount":36,"seoToken":"red-blends","type":"CATALOG"},{"id":"89752","level":3,"name":"Shiraz \u0026 Blends","originalName":"Shiraz \u0026 Blends","productCount":87,"seoToken":"shiraz-blends","type":"CATALOG"},{"id":"8898624","level":3,"name":"Tempranillo","originalName":"Tempranillo","productCount":16,"seoToken":"tempranillo","type":"CATALOG"}]},{"id":"8899807","level":2,"name":"Rose","originalName":"Rose","productCount":68,"seoToken":"rose","type":"CATALOG","catalogGroupView":[{"id":"8899808","level":3,"name":"All Rose","originalName":"All Rose","productCount":68,"seoToken":"all-rose","type":"CATALOG"}]},{"id":"87940","level":2,"name":"Spirits","originalName":"Spirits","productCount":464,"seoToken":"spirits","type":"CATALOG","catalogGroupView":[{"id":"89762","level":3,"name":"All Spirits","originalName":"All spirits","productCount":51,"seoToken":"all-spirits","type":"CATALOG"},{"id":"8905805","level":3,"name":"American \u0026 Canadian Whiskey","originalName":"American \u0026 Canadian Whiskey","productCount":7,"seoToken":"american-canadian-whiskey","type":"CATALOG"},{"id":"8898623","level":3,"name":"Aperitif, Vermouth and Digestives","originalName":"Aperitif, Vermouth And Digestives","productCount":12,"seoToken":"aperitif-vermouth-and-digestives","type":"CATALOG"},{"id":"89767","level":3,"name":"Bourbon","originalName":"Bourbon","productCount":36,"seoToken":"bourbon","type":"CATALOG"},{"id":"8898622","level":3,"name":"Brandy \u0026 Cognac","originalName":"Brandy \u0026 Cognac","productCount":13,"seoToken":"brandy-cognac","type":"CATALOG"},{"id":"89768","level":3,"name":"Gin","originalName":"Gin","productCount":76,"seoToken":"gin","type":"CATALOG"},{"id":"89765","level":3,"name":"Liqueurs","originalName":"Liqueurs","productCount":33,"seoToken":"liqueurs","type":"CATALOG"},{"id":"8905806","level":3,"name":"Other Spirits Varieties","originalName":"Other Spirits Varieties","productCount":9,"seoToken":"other-spirits-varieties","type":"CATALOG"},{"id":"8906006","level":3,"name":"Rum","originalName":"Rum","productCount":26,"seoToken":"rum","type":"CATALOG"},{"id":"8899804","level":3,"name":"Rum Dark","originalName":"Rum dark","productCount":3,"seoToken":"rum-dark","type":"CATALOG"},{"id":"8899802","level":3,"name":"Single Malt Whiskey","originalName":"Single malt whiskey","productCount":11,"seoToken":"single-malt-whiskey","type":"CATALOG"},{"id":"8898621","level":3,"name":"Tequila","originalName":"Tequila","productCount":43,"seoToken":"tequila","type":"CATALOG"},{"id":"89771","level":3,"name":"Vodka","originalName":"Vodka","productCount":41,"seoToken":"vodka","type":"CATALOG"},{"id":"8899803","level":3,"name":"Whisky","originalName":"Whisky","productCount":103,"seoToken":"whisky","type":"CATALOG"}]},{"id":"87939","level":2,"name":"White Wine","originalName":"White Wine","productCount":379,"seoToken":"white-wine","type":"CATALOG","catalogGroupView":[{"id":"89754","level":3,"name":"All White Wine","originalName":"All white wine","productCount":112,"seoToken":"all-white-wine","type":"CATALOG"},{"id":"89755","level":3,"name":"Cask White Wines","originalName":"Cask White Wines","productCount":24,"seoToken":"cask-white-wines","type":"CATALOG"},{"id":"89757","level":3,"name":"Chardonnay","originalName":"Chardonnay","productCount":71,"seoToken":"chardonnay","type":"CATALOG"},{"id":"8906005","level":3,"name":"Moscato \u0026 Sweet White Wine","originalName":"Moscato \u0026 Sweet White Wine","productCount":9,"seoToken":"moscato-sweet-white-wine","type":"CATALOG"},{"id":"89761","level":3,"name":"Other White Wine Varieties","originalName":"Other White Wine Varieties","productCount":28,"seoToken":"other-white-wine-varieties","type":"CATALOG"},{"id":"89758","level":3,"name":"Pinot Gris \u0026 Grigio","originalName":"Pinot Gris \u0026 Grigio","productCount":46,"seoToken":"pinot-gris-grigio","type":"CATALOG"},{"id":"89759","level":3,"name":"Riesling","originalName":"Riesling","productCount":14,"seoToken":"riesling","type":"CATALOG"},{"id":"89760","level":3,"name":"Sauvignon Blanc","originalName":"Sauvignon Blanc","productCount":54,"seoToken":"sauvignon-blanc","type":"CATALOG"},{"id":"87554","level":3,"name":"Semillon \u0026 Blends","originalName":"Semillon \u0026 Blends","productCount":3,"seoToken":"semillon-blends","type":"CATALOG"},{"id":"8906050","level":3,"name":"Semillon Sauvignon Blanc","originalName":"Semillon Sauvignon Blanc","productCount":18,"seoToken":"semillon-sauvignon-blanc","type":"CATALOG"}]}]},{"id":"17490","level":1,"name":"Tobacco","originalName":"Tobacco","productCount":515,"seoToken":"tobacco","type":"CATALOG","catalogGroupView":[{"id":"17390","level":2,"name":"Tobacco, Cigarettes \u0026 Cigars","originalName":"Tobacco, Cigarettes \u0026 Cigars","productCount":515,"seoToken":"tobacco-cigarettes-cigars","type":"CATALOG","catalogGroupView":[{"id":"17336","level":3,"name":"Cigarettes","originalName":"Cigarettes","productCount":427,"seoToken":"cigarettes","type":"CATALOG"},{"id":"17359","level":3,"name":"Cigars","originalName":"Cigars","productCount":7,"seoToken":"cigars","type":"CATALOG"},{"id":"8903801","level":3,"name":"Lighters","originalName":"Lighters","productCount":5,"seoToken":"lighters","type":"CATALOG"},{"id":"17372","level":3,"name":"Loose Tobacco","originalName":"Loose Tobacco","productCount":60,"seoToken":"loose-tobacco","type":"CATALOG"},{"id":"17346","level":3,"name":"Papers \u0026 Filters","originalName":"Papers \u0026 Filters","productCount":16,"seoToken":"papers-filters","type":"CATALOG"}]}]}]}},"fulfilledTimeStamp":1730155692463}},"mutations":{},"provided":{},"subscriptions":{"GetProductCategories({\"campaignCount\":null,\"storeId\":\"COL:584\",\"withCampaignLinks\":false})":{"-OaicINIXSJgtjjE7wpPf":{}}},"config":{"online":true,"focused":true,"middlewareRegistered":true,"refetchOnFocus":false,"refetchOnReconnect":false,"refetchOnMountOrArgChange":false,"keepUnusedDataFor":60,"reducerPath":"digitalGraphQLApi"}},"nextApi":{"queries":{},"mutations":{},"provided":{},"subscriptions":{},"config":{"online":true,"focused":true,"middlewareRegistered":true,"refetchOnFocus":false,"refetchOnReconnect":false,"refetchOnMountOrArgChange":false,"keepUnusedDataFor":60,"reducerPath":"nextApi"}}}},"initialState":{"user":{"error":null,"auth":{"authenticated":false},"account":{"notifications":[]}},"modal":{"active":null,"state":{}},"notifications":{"notifications":[],"listNotifications":[],"showShoppableWarning":false},"mpgs":{"formFieldValidity":{"cardNumberValidity":"undetermined","expiryYearValidity":"undetermined","expiryMonthValidity":"undetermined","cvvValidity":"undetermined"},"initStatus":"unset","submitStatus":"unsubmitted","successData":null,"unexpectedError":false,"saveToProfile":false},"trolley":{"error":null,"itemsBeingUpdated":[],"failedItemGroups":[],"resolvedProductIdsFromFailedItemGroup":[],"storeId":"0584","validation":{"isValidating":false,"isValid":false,"validationErrors":null,"error":null,"restrictedItems":null},"isSwappingItems":false,"updateQueue":[],"updateQueueCallbacks":[],"processUpdateQueueImmediately":false,"isProcessUpdateQueueErrorNotificationMuted":false,"fetchContext":{}},"drawer":{"active":[],"state":{}},"shoppingMethod":{"isEditing":false,"didStoreIdChange":false,"state":{}},"enquiryForms":{"ids":[],"entities":{}},"list":{"error":null,"patchListItemsQueue":[]},"content":{"pageCategoryL1":"","pageCategoryL2":"","displayFilter":false,"expandFilter":[],"nextLevel":false,"pageTitle":"","pageType":"","breadcrumbs":[],"recipeId":"","isDisplayShopIngredients":false,"globalUrgencyStrip":{":items":{"root":{"columnClassNames":{},"gridClassNames":"aem-Grid aem-Grid--12 aem-Grid--default--12","columnCount":12,":items":{},":itemsOrder":[],":type":"wcm/foundation/components/responsivegrid"}},":itemsOrder":["root"],":type":"coles-onesite/components/xfpage",":path":"/content/experience-fragments/coles-onesite/en/site/global/urgency-strip/master",":hierarchyType":"page"},"recipeServingSize":4,"deliveryMethod":false},"seoJsonLd":{"componentJsonLd":{},"showAsJsonLd":false},"bffApi":{"queries":{},"mutations":{},"provided":{},"subscriptions":{},"config":{"online":true,"focused":true,"middlewareRegistered":true,"refetchOnFocus":false,"refetchOnReconnect":false,"refetchOnMountOrArgChange":false,"keepUnusedDataFor":60,"reducerPath":"bffApi"}},"aemApi":{"queries":{},"mutations":{},"provided":{},"subscriptions":{},"config":{"online":true,"focused":true,"middlewareRegistered":true,"refetchOnFocus":false,"refetchOnReconnect":false,"refetchOnMountOrArgChange":false,"keepUnusedDataFor":60,"reducerPath":"aemApi"}},"enquiryFormApi":{"queries":{},"mutations":{},"provided":{},"subscriptions":{},"config":{"online":true,"focused":true,"middlewareRegistered":true,"refetchOnFocus":false,"refetchOnReconnect":false,"refetchOnMountOrArgChange":false,"keepUnusedDataFor":60,"reducerPath":"enquiryFormApi"}},"b2bFormsApi":{"queries":{},"mutations":{},"provided":{},"subscriptions":{},"config":{"online":true,"focused":true,"middlewareRegistered":true,"refetchOnFocus":false,"refetchOnReconnect":false,"refetchOnMountOrArgChange":false,"keepUnusedDataFor":60,"reducerPath":"b2bFormsApi"}},"radioComplaintsFormApi":{"queries":{},"mutations":{},"provided":{},"subscriptions":{},"config":{"online":true,"focused":true,"middlewareRegistered":true,"refetchOnFocus":false,"refetchOnReconnect":false,"refetchOnMountOrArgChange":false,"keepUnusedDataFor":60,"reducerPath":"radioComplaintsFormApi"}},"psdsFormApi":{"queries":{},"mutations":{},"provided":{},"subscriptions":{},"config":{"online":true,"focused":true,"middlewareRegistered":true,"refetchOnFocus":false,"refetchOnReconnect":false,"refetchOnMountOrArgChange":false,"keepUnusedDataFor":60,"reducerPath":"psdsFormApi"}},"adobeTargetApi":{"queries":{},"mutations":{},"provided":{},"subscriptions":{},"config":{"online":true,"focused":true,"middlewareRegistered":true,"refetchOnFocus":false,"refetchOnReconnect":false,"refetchOnMountOrArgChange":false,"keepUnusedDataFor":60,"reducerPath":"adobeTargetApi"}},"abandonedTrolleyFormApi":{"queries":{},"mutations":{},"provided":{},"subscriptions":{},"config":{"online":true,"focused":true,"middlewareRegistered":true,"refetchOnFocus":false,"refetchOnReconnect":false,"refetchOnMountOrArgChange":false,"keepUnusedDataFor":60,"reducerPath":"abandonedTrolleyFormApi"}},"digitalGraphQLApi":{"queries":{},"mutations":{},"provided":{},"subscriptions":{},"config":{"online":true,"focused":true,"middlewareRegistered":true,"refetchOnFocus":false,"refetchOnReconnect":false,"refetchOnMountOrArgChange":false,"keepUnusedDataFor":60,"reducerPath":"digitalGraphQLApi"}},"nextApi":{"queries":{},"mutations":{},"provided":{},"subscriptions":{},"config":{"online":true,"focused":true,"middlewareRegistered":true,"refetchOnFocus":false,"refetchOnReconnect":false,"refetchOnMountOrArgChange":false,"keepUnusedDataFor":60,"reducerPath":"nextApi"}}},"__N_SSP":true},"page":"/browse/[...slug]","query":{"page":"4","slug":["dairy-eggs-fridge"]},"buildId":"20241022.02_v4.26.0","runtimeConfig":{"AEM_IMAGE_URL":"https://www.coles.com.au/content/dam/coles","ADOBE_ALLOY_DATASTREAM_ID":"bfdf5ff1-5118-4af3-a44a-43828d9ad8f1","ADOBE_LAUNCH_ANALYTICS_URL":"//assets.adobedtm.com/be8983348498/7775e8833f85/launch-3482e2af0e30.min.js","ADOBE_LAUNCH_ANALYTICS_ID":"0B3D037254C7DE490A4C98A6@AdobeOrg","COLES_API_URL":"https://apigw.coles.com.au","BFF_API_SUBSCRIPTION_KEY":"eae83861d1cd4de6bb9cd8a2cd6f041e","CCP_PROFILE_MANAGEMENT_URL":"https://colesgroupprofile.com.au","COL_URL":"https://shop.coles.com.au","COL4BUSINESS_URL":"https://business.coles.com.au","CITRUS_AD_IMAGE_URL":"https://coles.flavedo.io/citrus","CITRUS_HOST_URL":"https://integration.coles.citrusad.com","CITRUS_REFERER_URL":"https://coles.citrusad.com/","CV_CHATBOT_URL":"https://chatbot.coles.com.au/coles_cusp_ui","COLES_BFF_API_URL":"https://prod2apigw.cmltd.net.au/digital/omniweb/v1","COLES_GRAPHQL_API_URL":"https://prod2apigw.cmltd.net.au/digital/gql/v1/graphql","COLES_ENV":"prod","PRODUCT_IMAGE_URL":"https://productimages.coles.com.au/productimages","COLES_MPGS_URL":"https://cipg.gateway.mastercard.com/form/version/56/merchant/COL01/session.js","LD_SDK_CLIENT_ID":"61f1f759d7adf9173a4d22b8","AEM_HOST_URL":"https://www.coles.com.au","AEM_ROOT_PATH":"/content/coles-onesite/en","AEM_XF_ROOT_PATH":"/content/experience-fragments/coles-onesite/en/site","AEM_CATEGORY_FRAGMENT_ROOT_PATH":"/graphql/execute.json/coles-onesite/categoryContentDescriptionByPath.cfm.gql.json%3Bpath%3D/content/dam/coles-onesite/contentfragment/category-content-description","AEM_SUGGESTED_LISTS_FRAGMENT_ROOT_PATH":"/content/dam/coles-onesite/contentfragment/suggested-lists","AEM_AUTHORIZATION":"YmZmLWFlbS1jdWctY2YtdXNlcjo0NTZ2Z25qRnkxZnYjQA==","AEM_CATEGORY_FRAGMENT_PATH_LIST":"/graphql/execute.json/coles-onesite/categoryContentDescriptionCfs.cfm.gql.json","AEM_BRAND_FRAGMENT_PATH_LIST":"/graphql/execute.json/coles-onesite/brandContentDescriptionCfs.cfm.gql.json","BAZAAR_VOICE_API_SRC":"https://apps.bazaarvoice.com/deployments/coles/1site/production/en_AU/bv.js","NEXT_HOST_URL":"https://www.coles.com.au","GOOGLE_RECAPTCHA_V3_KEY":"6LfYn6wiAAAAAK0LBShfbQebZg8mucuEUeAAN8MK","SENTRY_TRACE_SAMPLE_RATE":"0.6","SENTRY_REPLAY_SESSION_SAMPLE_RATE":"0","SENTRY_REPLAY_ERROR_SAMPLE_RATE":"0.1","FLYPAY_WEBSITE_URL":"https://www.flypay.com.au","DATA_COLLECTOR_URL":"https://prod.accdab.net/cdn/cs/-_fk2s1_k8Gjh1h3hWpKVfi9Fr8.js","FLYPAY_CLIENT_ID":"5342b449-e1a7-4263-9934-182c0a128936","FLYPAY_LIBRARY_VERSION":"v1.110.3"},"isFallback":false,"gssp":true,"appGip":true,"locale":"en","locales":["en"],"defaultLocale":"en","scriptLoader":[]}</script></body></html>